3086 5192
725 498 763 553 ei

205 653 350 712 custodire
368 651 556 711 Oatilinam.''
585 654 621 711 R.
643 684 682 695 -
704 651 784 726 Quid
805 669 956 713 commune
978 653 1027 713 hie
1051 655 1133 714 locus
1148 670 1213 714 cnm
1234 655 1286 714 illo

203 755 322 832 habeat,
342 771 401 813 non
418 755 562 833 intelligo,
582 755 641 815 nisi
653 753 732 830 quod
752 760 876 830 utroque
897 758 962 816 loco
982 761 1082 817 noster
1097 756 1208 816 titubat.
1240 758 1286 817 De

204 860 256 919 illo
287 864 385 919 autem
415 859 562 918 vidimus:
591 860 650 918 iam
678 859 707 918 b.
726 860 746 918 l.
775 860 890 938 pergit:
913 859 1043 935 ,Audire
1061 861 1190 937 aliquem
1208 866 1287 922 recte

203 964 319 1043 dicitnr,
341 965 367 1023 si
385 965 452 1040 quis
469 968 570 1025 cantat
587 965 635 1025 vel
656 965 748 1024 verba
764 964 845 1044 facit,
866 965 920 1025 sed
940 965 970 1024 h.
992 967 1012 1025 l.
1033 983 1187 1045 perperam
1204 969 1287 1045 poni·

203 1068 281 1129 tur.”
322 1068 428 1128 Merito
448 1069 620 1144 indignatur
636 1069 681 1148 B,
697 1070 754 1144 qui
775 1073 876 1129 tamen
892 1069 1043 1131 abstinere
1064 1087 1083 1130 a
1100 1071 1289 1132 cavillatione

207 1189 239 1231 se
267 1171 434 1231 decrevisse
451 1171 533 1231 dicit.
575 1173 655 1231 Num
673 1172 765 1245 igitur
781 1171 944 1232 Rinkesius
971 1189 1097 1248 usquam
1124 1173 1254 1235 abstinet
1272 1194 1291 1233 a

204 1276 373 1338 cavillando
396 1260 573 1337 Cicerone?¹
608 1277 667 1337 Hic
696 1293 775 1356 vero,
806 1283 840 1339 ut
871 1277 1007 1355 Aesopus
1025 1278 1105 1356 apud
1121 1278 1291 1340 Phaedmm

206 1381 294 1461 (Feb.
315 1382 372 1460 III,
394 1379 445 1459 14)
467 1380 579 1439 derisor
597 1381 702 1460 potius,
724 1398 810 1460 quoru
830 1381 1014 1462 deridendus,
1035 1399 1134 1463 saepe,
1156 1385 1183 1444 si
1204 1384 1289 1445 ades·

207 1490 262 1565 set,
282 1487 346 1546 iure
366 1486 411 1544 illi
433 1503 583 1546 occurrere
600 1490 720 1566 posset3
742 1483 821 1546 Heus
842 1486 966 1566 sopiens,
999 1487 1103 1565 ecpedc'
1123 1487 1192 1566 qaid
1210 1489 1291 1551 dixe·

206 1589 282 1648 riml
323 1587 497 1665 Imprudens
519 1589 596 1648 enim
614 1588 732 1648 Atticus
749 1589 801 1648 ille
822 1588 905 1668 quusi
926 1589 1052 1649 delirum
1068 1592 1183 1672 riserat,
1205 1611 1292 1668 quem

208 1709 267 1751 non
298 1690 493 1765 intelligebat.
535 1690 595 1750 Gur
615 1695 715 1751 autem
744 1692 847 1751 audire
877 1690 907 1752 h.
929 1693 948 1751 1.
970 1711 1124 1772 perperam
1146 1697 1293 1773 ponitur?

209 1795 316 1856 Utrum
330 1793 362 1852 in
388 1793 609 1869 Pythagoream
630 1793 778 1869 quandam
800 1794 931 1855 scholam
953 1794 1084 1857 Catilina
1110 1798 1294 1876 prosectmus

208 1902 275 1958 erat
306 1896 370 1976 (ubi
400 1900 509 1974 tamen,
532 1901 566 1956 ut
586 1900 720 1956 tacentes
737 1896 875 1974 discipuli
896 1897 1010 1973 aliquid
1028 1897 1142 1959 dissere
1162 1907 1292 1980 possent,

209 2001 394 2079 praeceptori
414 2004 494 2060 certe
514 1999 693 2074 loquendum
713 1997 792 2077 fnit),
813 2017 852 2058 an
872 2000 1012 2060 incastra
1023 2001 1219 2080 improborum
1228 2023 1294 2082 per·

208 2105 395 2181 ditommque
412 2103 572 2182 hominum,
593 2120 666 2179 qnos
686 2120 825 2180 procaces
842 2104 942 2181 potius
962 2109 993 2165 ct
1002 2106 1176 2183 vaniloquos
1193 2107 1295 2189 fuisse,

212 2227 301 2287 quam
322 2210 442 2284 linguae
470 2206 581 2266 favisse
602 2205 713 2284 credas,
735 2223 825 2284 quum
846 2206 884 2266 dc
905 2207 1065 2269 coniuratis
1087 2210 1118 2268 in
1137 2210 1209 2271 urbe
1220 2213 1295 2273 illud

213 2312 295 2374 dicat
314 2311 417 2371 Cicero
435 2308 517 2369 Orat
538 2309 604 2368 (iat.
625 2309 666 2386 II,
688 2309 789 2386 5,10:
814 2307 966 2385 ,qnimihi
984 2310 1163 2372 accubantes
1184 2313 1293 2373 incon·

213 2417 302 2476 viriis
321 2447 363 2463 -
383 2418 517 2473 eructant
545 2412 728 2471 sermonibus
749 2411 812 2471 suis
839 2412 960 2471 caedem
977 2412 1117 2473 bonorum
1139 2420 1228 2492 atque
1249 2435 1296 2478 ur·

214 2520 261 2581 bis
286 2516 452 2579 incendia.''
484 2517 549 2577 Nec
575 2516 676 2575 varias
697 2533 823 2595 quoque,
844 2516 969 2576 fortasse
988 2534 1046 2578 non
1064 2518 1221 2581 admodum
1235 2540 1295 2581 mo-

212 2625 324 2703 destas,
344 2621 505 2683 corrtileues
523 2621 636 2680 inistis
653 2621 759 2680 castris
780 2620 919 2698 defuisse,
939 2622 1027 2682 valde
1047 2624 1200 2700 probabile
1217 2632 1276 2688 est.

256 2826 294 2886 ud
316 2826 402 2884 buires
432 2825 506 2883 citor
530 2825 657 2883 studium
676 2831 732 2885 cet
779 2826 829 2899 ,Si
851 2827 922 2903 quid
935 2828 1031 2907 video,
1052 2831 1127 2893 baec
1142 2833 1298 2895 referenda

215 2937 285 2994 sunt
312 2931 351 2990 ad
382 2948 427 3009 ea,
448 2946 524 3006 quae
544 2929 734 3008 praecedunt,
756 2930 847 3005 igitur
869 2933 927 2991 ad:
960 2933 1007 2993 bio
1034 2941 1065 2993 tc
1095 2956 1153 3015 quc
1186 2939 1298 3000 laetitia

212 3034 391 3115 perfurere?
418 3039 474 3094 oet·
494 3065 535 3076 -
555 3033 699 3110 quidhoc
726 3033 784 3093 diei
805 3038 904 3110 potest
924 3035 1093 3112 ineptius?''
1111 3041 1200 3099 R.-—-
1217 3041 1297 3116 Quid

214 3145 314 3202 autem
336 3139 464 3218 (ateius
485 3137 585 3197 verbis
605 3135 686 3213 utar)
707 3137 838 3213 ineptius
849 3136 908 3197 dici
918 3142 1025 3218 potest,
1046 3158 1135 3217 quam
1146 3144 1184 3203 ad
1197 3146 1296 3222 proxi-

216 3261 263 3303 me
275 3239 482 3321 praecedentia
508 3239 663 3300 referenda
683 3256 758 3317 esse,
780 3257 855 3316 quae
884 3258 958 3300 sana
978 3243 1054 3303 ratio
1075 3244 1180 3306 doceat
1197 3248 1236 3307 ad
1253 3251 1297 3308 in-

217 3347 303 3407 itium
330 3344 437 3421 capitis
464 3343 627 3420 pertinere,
659 3342 710 3401 ubi
741 3344 840 3417 agitur
859 3343 897 3403 de
918 3344 982 3405 eius
1003 3347 1034 3405 iu
1062 3354 1161 3410 castra
1183 3350 1297 3428 profici·

217 3449 320 3512 scendi
340 3447 510 3526 cupiditate,
532 3462 590 3521 quo
611 3444 732 3505 ethaeo
750 3449 780 3505 et
800 3462 993 3523 quaecunque
1013 3449 1069 3510 hoo
1090 3453 1298 3529 eapitedicun—

216 3558 265 3615 tur
288 3550 390 3612 referri
421 3549 565 3610 videmus.
607 3546 701 3607 Holus
732 3547 807 3607 oitoe
822 3548 948 3607 studium
964 3549 1055 3623 igitur
1072 3557 1117 3611 est
1133 3555 1194 3614 tale
1218 3557 1300 3617 vitae

218 3659 357 3734 studium,
377 3656 466 3730 quale
488 3655 518 3711 in
539 3653 600 3711 illis
620 3652 726 3711 castris
748 3652 955 3730 sequebantur,
976 3653 1158 3732 cuiusaptac
1170 3659 1300 3735 profecto

218 3759 426 3820 meditationes
446 3755 590 3816 dicendae
611 3757 680 3813 sunt
699 3752 780 3812 liccat
800 3753 902 3832 iecere,
923 3754 1046 3832 opilare
1066 3763 1096 3819 et
1106 3777 1183 3835 quac
1193 3763 1300 3827 deinde

218 3866 425 3939 memorantur,
454 3858 599 3937 patieutis
626 3857 724 3937 fumis,
753 3857 884 3938 fricare,
913 3859 1028 3938 inopine
1048 3881 1146 3925 rectem
1166 3870 1301 3931 amntem

219 3972 298 4031 Nam
316 3965 395 4042 quod
411 3967 497 4038 rogat
516 3964 553 4021 R.
577 3977 652 4037 ,quo
673 3961 759 4021 modo
781 3959 862 4019 humi
879 3961 973 4021 meere
1000 3965 1077 4025 inter
1097 3968 1213 4031 labores
1235 3973 1302 4033 illos

217 4073 366 4134 Gatidnac
387 4067 535 4128 numerari
551 4066 687 4144 potest?''
707 4066 837 4125 nondum
858 4072 997 4145 expertus
1018 4086 1084 4131 esse
1094 4072 1220 4152 videtur,
1231 4077 1303 4152 quid

220 4177 260 4237 sit
278 4172 359 4234 leucri
380 4170 506 4231 subdivo
520 4175 699 4247 pernoctare.
741 4169 777 4227 In
799 4169 865 4245 ipsa
880 4172 1064 4248 expositione
1085 4180 1193 4254 autem,
1214 4195 1303 4253 quam

221 4280 362 4341 comittem
391 4275 553 4352 icteltipere
582 4291 665 4352 poseo
696 4273 798 4352 credit,
831 4276 945 4352 sceptus
973 4279 1090 4355 peccori
1117 4280 1189 4343 dicit
1205 4290 1306 4344 contro

223 4406 305 4447 usum
332 4382 471 4444 sermonis
495 4380 580 4441 luituri
601 4386 627 4438 at
648 4384 747 4439 ceretro
769 4397 870 4439 suasum
897 4381 1053 4442 rationem:
1075 4385 1123 4445 cui
1141 4389 1306 4450 sententiae

1130 4488 1168 4544 5*
