3086 5192
759 461 799 517 24

232 616 262 673 te
284 614 401 675 venisse
422 646 462 660 -
482 634 541 676 non
562 616 657 676 dicam
678 618 828 678 obscure.’'
871 616 1030 678 Latissime
1052 618 1161 690 autem,
1182 616 1215 672 ut
1236 615 1315 671 recte

233 718 333 780 dcccii
359 721 490 799 Bootius,
521 720 611 781 huius
638 723 722 783 verbi
743 740 815 782 usus
832 726 924 800 patet,
945 719 1024 797 quod
1041 736 1100 779 non
1122 719 1153 776 in
1169 716 1232 777 foro
1249 720 1314 776 tan-

231 826 303 901 tum,
323 825 372 884 vel
389 825 420 883 in
440 825 522 885 ouria
544 831 574 886 et
591 827 710 906 iudicio,
733 827 786 888 sed
807 828 839 886 in
859 827 964 903 quovis
986 840 1119 884 sermone
1139 823 1188 881 vel
1205 821 1316 897 scripto

232 923 367 985 adhiberi
387 926 531 1005 videmus,
553 931 728 1006 praesertIm
739 929 841 989 addito
861 927 1012 988 adverbio.
1033 924 1097 986 016.
1117 922 1274 999 AttlIVI,
1286 921 1314 979 5:

233 1027 323 1105 ,Epic
349 1048 463 1091 mecum
485 1039 622 1094 accurate
650 1035 810 1109 multisque
837 1030 964 1092 verbis.''
997 1030 1036 1089 ad
1056 1030 1141 1088 Fam.
1159 1027 1245 1102 XIII,
1267 1025 1315 1086 75:

234 1132 297 1205 „De
325 1150 384 1209 quc
404 1138 434 1193 et
454 1152 597 1211 praesens
617 1141 715 1196 tecmn
736 1136 781 1212 epi
799 1135 965 1212 diligenter,
987 1138 1017 1194 et
1035 1132 1140 1209 scripsi
1161 1129 1199 1188 ad
1216 1134 1247 1188 te
1268 1145 1316 1188 ac-

232 1243 333 1297 cmate
366 1238 484 1299 antea''.
505 1239 577 1299 ibid.
609 1242 647 1318 V,
676 1244 704 1300 21
748 1238 1196 1317 ᾖ119161111101611111661611111
1216 1237 1317 1293 vestra

232 1357 331 1400 sorore
348 1341 456 1420 Mucia,
476 1346 510 1402 ut
524 1360 591 1402 eum
612 1344 651 1402 ab
671 1344 726 1402 illa
753 1343 863 1403 iniuria
884 1339 1094 1403 deterrerent.’'
1116 1338 1197 1397 Infra
1219 1336 1239 1413 ξ
1263 1337 1316 1396 18:

233 1459 327 1517 „quae
348 1449 446 1505 tecum
463 1445 507 1504 sic
524 1445 616 1524 agit,”
638 1446 708 1507 alia.

272 1651 351 1712 Nom
381 1670 488 1730 ocyore
516 1654 628 1715 cades?
662 1655 730 1730 ,Sic
755 1655 881 1733 infitiari
910 1654 1020 1728 legitur
1053 1652 1120 1731 §7,
1140 1650 1193 1710 ubi
1210 1664 1318 1725 cepere

232 1754 389 1816 dicendum
417 1756 510 1816 erat.”
532 1758 568 1816 R.
590 1757 791 1835 —Suspicor
815 1757 929 1835 aliquid
950 1755 1105 1833 excidisse,
1126 1771 1184 1830 quo
1205 1750 1317 1827 signifi·

234 1858 348 1918 caverit
378 1857 408 1918 h.
436 1860 457 1918 1.
479 1858 604 1937 infitiari
624 1860 782 1934 legendum
803 1877 869 1919 esse
898 1860 955 1919 sibi
968 1858 1073 1918 videri.
1114 1857 1197 1916 Idem
1213 1855 1317 1915 Bootio

234 1960 379 2021 accidisse
399 1966 481 2040 puto,
503 1962 555 2038 qui
575 1961 614 2021 ad
636 1963 656 2040 ξ
680 1965 707 2022 7.
730 1963 882 2039 utriusque
900 1962 983 2022 verbi
1004 1959 1249 2036 significationem
1266 1975 1316 2017 ex-

232 2064 325 2140 ponit.
366 2065 425 2125 Hic
457 2071 556 2126 autem
573 2084 680 2143 ocyore
704 2067 862 2142 legendum
879 2084 953 2143 esse,
973 2065 1023 2125 vel
1040 2084 1078 2125 ex
1099 2082 1160 2141 seq.
1182 2063 1317 2138 61116966

233 2186 377 2246 apparere
407 2170 533 2231 videtur.
576 2171 754 2249 CeteroquIn
785 2178 851 2232 utro
871 2176 965 2250 utare,
985 2189 1091 2249 parum
1108 2169 1255 2231 interdmn
1272 2185 1316 2227 re-

233 2271 310 2333 ferre
342 2273 493 2352 existimo,
525 2291 580 2334 nec
610 2275 750 2334 maiorem
774 2275 836 2335 fere
850 2275 928 2334 inter
944 2279 1100 2350 utrumque
1121 2272 1317 2332 differentiam

234 2375 376 2453 obtinere,
397 2393 486 2452 quam
505 2376 582 2437 inter
601 2382 703 2437 nostra
726 2377 878 2436 looolrcocn
899 2382 929 2437 et
951 2376 1121 2436 oraticnem.
1162 2375 1241 2435 Nam
1261 2373 1318 2434 etsi

234 2479 352 2556 proprie
380 2497 452 2556 cepo
476 2480 567 2539 verbo
594 2480 650 2559 oio,
679 2487 709 2542 et
733 2480 845 2560 infitior
872 2482 1029 2559 opponitur
1049 2480 1152 2557 fateor,
1173 2495 1232 2538 non
1251 2493 1318 2535 raro

234 2584 309 2644 haec
337 2584 477 2644 confundi
505 2585 656 2645 videmus:
685 2604 712 2646 6.
740 2604 783 2661 gr.
808 2586 869 2647 016.
890 2588 973 2646 Brut.
993 2588 1050 2645 19:
1074 2582 1142 2659 „qui
1162 2601 1181 2641 a
1202 2580 1318 2642 Naevio

236 2689 285 2751 vol
304 2690 457 2767 sumpsisti
476 2690 581 2769 multa,
603 2691 629 2750 si
647 2689 761 2770 forms,
782 2692 840 2771 vel,
858 2692 884 2753 si
901 2687 998 2768 capos,
1019 2687 1216 2766 smripuisti.''

274 2901 346 2977 §a
371 2900 558 2962 Sanctissimae
576 2902 703 2963 66661116.
738 2902 793 2978 „de
825 2908 932 2965 senatu
952 2921 1011 2962 non
1034 2902 1157 2962 diditur:
1178 2901 1242 2958 loco
1255 2898 1319 2973 qui-

235 3005 303 3064 dem
334 3006 386 3065 ubi
414 3013 536 3068 senatus
568 3007 703 3085 habetur,
734 3009 796 3066 tale
828 3007 980 3084 epitheton
1000 3002 1198 3063 conveniret.''
1220 3001 1256 3059 R.
1277 3032 1318 3042 —

235 3111 304 3169 Non
325 3112 413 3172 video
434 3131 494 3191 cur,
517 3130 608 3189 quum
626 3112 664 3171 de
692 3110 818 3182 singulis
839 3108 1025 3168 senatoribus
1042 3106 1153 3166 dictum
1176 3106 1319 3182 legamus,

235 3231 294 3273 non
315 3214 485 3273 conveniret
507 3213 598 3271 etiam
623 3212 655 3269 iu
676 3215 820 3269 senatum.
841 3209 902 3269 016.
927 3228 971 3286 pr.
993 3211 1079 3270 Rosc.
1097 3208 1179 3268 06111.
1201 3209 1249 3287 15,
1269 3210 1318 3267 44:

237 3315 382 3390 ,Luscius
410 3319 440 3375 et
470 3314 622 3393 Manilius,
637 3314 746 3374 ‘ordine
770 3319 930 3392 senatores,
961 3318 1060 3375 aetate
1088 3312 1216 3388 grandes
1237 3315 1319 3389 natu,

234 3423 341 3477 natura
374 3417 467 3476 sancti
485 3422 515 3478 et
535 3416 696 3492 religiosi.''
739 3415 789 3477 Sic
806 3417 837 3476 in
855 3416 960 3477 Laelio
981 3435 1007 3477 c.
1029 3419 1077 3475 11.
1098 3415 1205 3475 Curius
1223 3413 1318 3474 6106-

232 3520 392 3580 runcanius
414 3518 589 3579 sanctissimi
609 3518 666 3578 oiri
682 3525 834 3599 vocantur,
856 3519 909 3579 alii
940 3520 1008 3579 aliis
1030 3520 1111 3580 locis.
1154 3518 1214 3579 Sed
1233 3535 1317 3596 prae-

232 3626 316 3682 terea
338 3622 514 3701 Liv.XXX,
537 3625 584 3682 16.
606 3622 687 3682 dicit:
712 3620 869 3697 „Oratores
897 3622 936 3682 ad
956 3640 1059 3700 pacem
1075 3623 1235 3701 petendam
1251 3621 1317 3681 mit·

235 3731 304 3787 tunt
333 3728 457 3802 triginta
482 3728 630 3788 seniorum
661 3728 829 3807 principes,
862 3728 893 3787 id
924 3733 988 3788 erat
1008 3727 1135 3787 sanctius
1155 3726 1235 3803 apud
1252 3726 1319 3785 illos

237 3830 390 3889 consilium
405 3832 594 3907 maximaque
615 3831 654 3890 ad
674 3831 773 3908 ipsum
790 3834 925 3890 senatum
946 3831 1107 3905 regondmn
1126 3829 1202 3888 vis'².
1218 3829 1319 3888 Etiam

237 3932 306 3994 Val.
327 3933 407 3991 Max.
425 3934 466 4011 ΙΙ,
488 3936 516 3993 6.
538 3937 598 3993 ext.
619 3931 808 4009 Areopagum
823 3937 911 3994 vocat
931 3933 1142 3993 sanctissimam
1159 3930 1319 3992 consilium.

236 4037 416 4099 cf.Bootius.

275 4249 356 4308 crois
373 4255 457 4327 atque
474 4249 545 4307 adeo
566 4246 651 4307 orbis.
677 4248 784 4322 „Amat
804 4248 985 4309 declamator
1000 4248 1057 4308 hoc
1073 4265 1168 4323 genus
1178 4245 1318 4324 oppositi-

235 4353 308 4429 onis,
340 4353 418 4429 quod
447 4372 465 4411 a
492 4352 633 4412 Cicerone
647 4351 737 4412 etiam
758 4353 906 4414 interdum
926 4356 1100 4429 usurpatum
1122 4369 1196 4426 esse,
1217 4353 1318 4409 notum
