3086 5192
771 458 808 514 76

254 614 318 671 tero
338 613 401 673 loeo
420 614 454 693 (ξ
477 614 529 692 29)
546 614 667 690 legitur:
690 630 739 691 epo
753 614 780 671 si
798 612 849 671 boe
867 614 1003 691 oprtituam
1020 613 1102 689 faeta
1120 612 1280 673 iudiearem
1296 646 1337 658 -

254 714 341 773 auios
357 715 576 776 usaromboroo
596 749 636 759 —
657 733 715 774 coa
736 715 904 776 dedisscm.”
948 715 1074 789 Qualem
1094 716 1187 791 igitur
1206 718 1268 776 vim
1285 717 1337 777 ille

253 819 357 879 tribuit
374 821 464 881 verbo
483 821 597 899 eredere,
618 821 697 897 quod
716 838 776 880 non
796 820 947 882 conciliari
968 820 1063 898 possit
1082 838 1148 880 cum
1169 820 1225 882 hoe
1246 822 1335 881 loco?

253 920 376 982 Memini
407 928 506 984 autern
533 924 593 983 iem
621 923 707 984 initio
735 923 944 1002 adnotationis,
975 924 1007 983 in
1028 923 1212 1001 expositione
1233 941 1297 1001 cap.
1320 925 1336 984 1

253 1040 320 1081 enm
351 1024 421 1085 huie
451 1027 542 1086 verbo
566 1025 690 1086 irridere
707 1026 866 1087 dicentem:
890 1030 1029 1112 ,senatus
1050 1030 1081 1086 et
1097 1028 1234 1086 consules
1251 1044 1335 1086 aceu-

253 1130 365 1205 santur,
376 1128 454 1203 quod
464 1126 539 1186 nihil
549 1134 651 1188 eontra
661 1127 821 1189 Catilinam
831 1127 928 1189 fecere
939 1127 1093 1206 audeaut,''
1105 1127 1334 1206 existimantem,

252 1230 284 1286 ni
314 1227 409 1307 fallor,
441 1230 570 1290 timorem
591 1248 626 1290 eo
643 1231 777 1291 indicari.
819 1229 861 1290 At
877 1232 953 1291 scire
970 1247 1038 1290 eum
1059 1230 1188 1308 oportuit
1205 1248 1263 1289 coa
1284 1247 1335 1288 ure·

253 1331 321 1390 dere
341 1349 431 1411 saepe
452 1339 555 1394 notare
569 1335 670 1413 vorem,
688 1335 737 1394 vito
752 1353 835 1412 posse
856 1339 909 1395 aut
928 1333 1010 1393 cello.
1051 1333 1096 1394 uf.
1117 1333 1178 1394 Oic.
1194 1351 1248 1410 pro
1267 1335 1335 1409 lege

251 1434 331 1493 Man.
365 1437 392 1514 9,
424 1436 476 1496 25:
507 1438 630 1513 ,Itaque
661 1439 758 1498 rictus
782 1442 897 1499 tantum
928 1438 1042 1498 efficere
1068 1437 1175 1516 potuit,
1192 1442 1334 1514 quantum

194 1600 200 1607 ³
252 1538 407 1600 incolumis
433 1559 585 1618 nunqnam
617 1548 658 1602 est
685 1560 773 1602 came
794 1543 926 1621 optare&
948 1542 1026 1602 idem
1044 1543 1082 1602 de
1102 1542 1180 1602 clar.
1204 1540 1285 1604 Orat.
1307 1543 1336 1622 5,

253 1643 305 1702 18:
338 1644 424 1717 ,Non
451 1644 628 1724 Mehercule,
659 1645 764 1724 inquit,
795 1644 851 1705 tibi
878 1644 1081 1722 repromittere
1108 1643 1186 1705 istuc
1217 1645 1336 1720 quidem

253 1746 376 1806 oasim.’'
418 1746 469 1809 Sic
496 1767 554 1808 coc
580 1749 672 1808 uedeo
703 1749 810 1828 dicere,
842 1766 961 1827 negare,
982 1747 1124 1826 confiteri,
1145 1747 1215 1806 alia.
1256 1748 1337 1823 Ergo

252 1849 531 1926 comtemnendam
558 1851 649 1910 audeo
670 1856 726 1911 eet.
748 1852 769 1929 ξ
792 1855 840 1910 12.
856 1852 899 1911 ita
916 1849 1169 1929 interpretandum
1184 1854 1244 1910 est:
1264 1868 1335 1926 quo·

251 1952 332 2011 niam
361 1951 457 2013 adhuc
484 1970 587 2014 vereor
607 1958 637 2014 te
654 1953 828 2031 interficere,
848 1972 886 2014 ne
904 1954 1020 2030 reliqua
1037 1954 1252 2014 coniuratorum
1272 1971 1334 2012 ma-

252 2074 308 2116 nus
325 2057 357 2116 in
378 2056 541 2134 republica
561 2058 700 2136 resideat,
721 2058 753 2118 id
773 2057 881 2119 faciam
903 2059 982 2133 qnod
997 2058 1036 2118 ad
1054 2074 1235 2119 communem
1255 2057 1333 2116 saln-

253 2165 314 2219 tem
334 2159 438 2220 utilius
459 2165 514 2222 est.
556 2161 717 2222 Facturum
738 2162 829 2236 igitur
849 2178 882 2221 se
902 2161 985 2240 dicit,
1006 2161 1085 2238 quod
1106 2161 1244 2239 opitiorum
1253 2160 1335 2235 foeta

252 2261 371 2322 iudicet.
412 2266 476 2323 lam
494 2265 559 2342 ipse
583 2265 620 2323 R.
639 2263 750 2324 iudicet
767 2281 806 2322 an
817 2281 852 2323 eo
869 2263 956 2323 modo
969 2263 1120 2323 conciliari
1136 2262 1211 2323 haee
1221 2262 1335 2340 possint

253 2384 319 2426 cum
336 2368 383 2444 iis,
404 2385 481 2443 quae
499 2368 673 2445 dicuntur§
697 2370 744 2428 29.
766 2366 803 2426 ci.
825 2365 907 2428 Orat
929 2367 995 2427 Oet.
1017 2368 1058 2446 11,
1079 2370 1107 2445 2,
1128 2369 1156 2426 3.

293 2467 456 2528 Videamus
487 2470 586 2543 etiam,
608 2487 668 2545 qua
684 2468 743 2529 fide
763 2471 888 2531 oratoris
904 2470 996 2530 verba
1016 2469 1130 2548 reddet,
1152 2475 1189 2531 ut.
1202 2488 1238 2530 ea
1258 2487 1335 2546 quae

252 2571 370 2632 vincere
390 2571 499 2651 studet,
519 2572 754 2650 imprudentibus
775 2573 941 2650 probabilia
961 2572 1060 2634 faciat.
1085 2572 1335 2651 ,Absurdaporro

251 2673 327 2735 haee
350 2673 483 2735 defensio
510 2681 569 2736 est:
601 2677 670 2735 Non
686 2675 820 2736 interfeci
836 2675 1006 2756 Catilinam,
1027 2677 1166 2752 quoniam
1186 2682 1264 2756 sunt,
1284 2677 1336 2752 qui

252 2797 311 2839 non
341 2778 463 2840 credant
490 2779 720 2841 coniurationem
748 2797 814 2840 esse
841 2780 960 2842 factam.
1000 2782 1043 2842 At
1071 2782 1096 2841 si
1123 2781 1173 2843 lric
1189 2781 1336 2860 profectus

252 2882 309 2943 erit
327 2880 366 2941 ad
393 2881 537 2961 Mallium,
559 2882 666 2943 ccam
686 2883 814 2943 cumcito
835 2902 885 2944 ruo
906 2883 1025 2944 ltaliam
1042 2891 1143 2964 eosmt,
1165 2890 1250 2963 otqoe
1263 2884 1335 2944 diri·

249 2986 304 3065 pit,
326 2984 352 3044 si
374 2985 441 3046 lucie
461 2985 528 3045 arbi
545 2986 682 3068 minatur,
703 3006 789 3049 nemo
806 2989 863 3048 erit
880 2993 941 3048 tam
961 2988 1119 3066 improbus,
1141 2989 1193 3063 qui
1212 3003 1272 3046 non
1292 2986 1336 3044 fa-

251 3093 351 3152 teatur
369 3108 402 3150 re
421 3108 494 3151 vera
510 3091 741 3151 coniurationem
763 3109 828 3151 esse
848 3089 986 3151 fectam.''
1027 3088 1129 3149 Cicero
1147 3088 1168 3166 ξ
1191 3090 1239 3148 30.
1260 3087 1337 3150 haee

252 3192 339 3254 dicit:
374 3195 479 3268 „Nunc
500 3195 644 3273 intelligo,
666 3194 693 3254 si
713 3195 780 3273 iste,
801 3211 859 3271 quo
890 3192 1026 3269 intendit,
1046 3192 1078 3250 in
1111 3192 1257 3252 Malliana
1289 3212 1337 3253 ca·

252 3300 317 3356 stra
336 3297 513 3375 pervenerit,
534 3297 682 3358 neminem
702 3301 764 3357 tam
775 3298 897 3358 stultum
917 3295 989 3374 iore,
1009 3295 1061 3371 qui
1081 3313 1140 3355 non
1156 3295 1336 3358 videateon·

252 3397 428 3458 iurationem
455 3415 521 3458 esse
549 3399 668 3477 factem,
694 3400 842 3460 neminem
870 3405 932 3460 tam
953 3400 1127 3479 improbum,
1147 3401 1199 3476 qui
1220 3418 1279 3460 non
1293 3399 1335 3460 fa-

251 3500 379 3580 teatur,''
411 3501 567 3578 inquibus
588 3500 664 3562 nihil
682 3501 802 3561 absurdi
820 3519 895 3579 esse,
916 3501 989 3562 milri
1006 3503 1158 3564 concedes.
1200 3503 1260 3565 Sed
1277 3505 1336 3565 iste

252 3611 433 3686 omamente,
464 3607 571 3684 quibus
599 3606 728 3669 absurda
758 3605 833 3666 haec
853 3605 977 3667 reddere
995 3613 1125 3687 conatur,
1146 3612 1198 3669 aut
1217 3609 1281 3687 ipse
1298 3609 1336 3670 de

251 3713 372 3790 ingenio
402 3730 456 3773 suo
476 3712 570 3792 finxit,
598 3719 651 3775 aut
675 3731 713 3774 ex
734 3712 928 3791 Reipublicae
949 3713 1126 3775 allocutione
1147 3714 1178 3773 in
1192 3714 1251 3776 fine
1271 3733 1336 3794 cap.

251 3814 305 3874 XI.
327 3815 427 3892 inepta
447 3813 506 3875 huc
522 3816 683 3876 uansulit.
725 3813 810 3889 Quae
831 3820 986 3893 praeterea
1000 3815 1089 3876 huius
1109 3818 1228 3892 generis
1245 3818 1337 3879 iactat

251 3934 359 3994 operae
386 3918 514 3994 pretium
543 3935 603 3976 non
627 3922 674 3978 est
694 3936 869 3996 memorare,
890 3920 973 3994 legat
987 3920 1046 3979 ista
1067 3921 1114 3980 cui
1131 3920 1223 3981 lubet.
1264 3922 1337 3981 Post

251 4037 328 4096 quae
346 4024 454 4097 tamen,
476 4020 563 4095 quasi
583 4019 707 4079 victoria
721 4024 871 4097 reportata
890 4019 1076 4098 triumphans
1092 4022 1252 4083 exclamat:
1277 4023 1337 4097 ,At

251 4123 300 4183 vel
321 4122 364 4184 sic
384 4128 484 4183 tamen
506 4123 581 4183 dieis
602 4121 771 4183 Ciceronem
784 4122 972 4183 luculentam
990 4123 1068 4183 benc
1085 4125 1248 4184 orationem
1269 4141 1334 4184 eon·

251 4225 450 4303 scripsisse?”
