<?xml version="1.0" encoding="UTF-8"?>
<!DOCTYPE html PUBLIC "-//W3C//DTD XHTML 1.0 Transitional//EN"
    "http://www.w3.org/TR/xhtml1/DTD/xhtml1-transitional.dtd">
<html xmlns="http://www.w3.org/1999/xhtml" xml:lang="en" lang="en">
 <head>
  <title>
</title>
<meta http-equiv="Content-Type" content="text/html;charset=utf-8" />
  <meta name='ocr-system' content='tesseract 3.04.00' />
  <meta name='ocr-capabilities' content='ocr_page ocr_carea ocr_par ocr_line ocrx_word'/>
</head>
<body>
  <div class='ocr_page' id='page_1' title='image "./epistolacritica00epkegoog_0022.png"; bbox 0 0 3086 5192; ppageno 0'>
   <div class='ocr_carea' id='block_1_1' title="bbox 757 470 794 525">
    <p class='ocr_par' dir='ltr' id='par_1_1' title="bbox 757 470 794 525">
     <span class='ocr_line' id='line_1_1' title="bbox 757 470 794 525; baseline 0.027 -1"><span class='ocrx_word' id='word_1_1' title='bbox 757 470 794 525; x_wconf 89' lang='lat'>13</span> 
     </span>
    </p>
   </div>
   <div class='ocr_carea' id='block_1_2' title="bbox 233 623 1312 704">
    <p class='ocr_par' dir='ltr' id='par_1_2' title="bbox 233 623 1312 704">
     <span class='ocr_line' id='line_1_2' title="bbox 233 623 1312 704; baseline 0.002 -20"><span class='ocrx_word' id='word_1_2' title='bbox 233 644 297 686; x_wconf 90' lang='lat' dir='ltr'>rere</span> <span class='ocrx_word' id='word_1_3' title='bbox 318 627 369 686; x_wconf 93' lang='lat' dir='ltr'>ille</span> <span class='ocrx_word' id='word_1_4' title='bbox 385 630 471 704; x_wconf 90' lang='lat' dir='ltr'>putat</span> <span class='ocrx_word' id='word_1_5' title='bbox 489 626 526 685; x_wconf 93' lang='lat' dir='ltr'>de</span> <span class='ocrx_word' id='word_1_6' title='bbox 543 625 652 685; x_wconf 80' lang='lat' dir='ltr'>irecerto</span> <span class='ocrx_word' id='word_1_7' title='bbox 673 632 797 703; x_wconf 82' lang='lat' dir='ltr'>tehcpore</span> <span class='ocrx_word' id='word_1_8' title='bbox 813 625 872 685; x_wconf 91' lang='lat' dir='ltr'>dici</span> <span class='ocrx_word' id='word_1_9' title='bbox 894 626 1045 704; x_wconf 75' lang='lat' dir='ltr'>quarelam,</span> <span class='ocrx_word' id='word_1_10' title='bbox 1066 629 1112 685; x_wconf 88' lang='lat' dir='ltr'>est</span> <span class='ocrx_word' id='word_1_11' title='bbox 1128 643 1181 704; x_wconf 91' lang='lat' dir='ltr'>pro</span> <span class='ocrx_word' id='word_1_12' title='bbox 1202 623 1312 687; x_wconf 80' lang='lat' dir='ltr'><strong>Archia</strong></span> 
     </span>
    </p>
   </div>
   <div class='ocr_carea' id='block_1_3' title="bbox 231 728 1401 806">
    <p class='ocr_par' dir='ltr' id='par_1_3' title="bbox 231 728 1401 806">
     <span class='ocr_line' id='line_1_3' title="bbox 231 728 1401 806; baseline 0.004 -19"><span class='ocrx_word' id='word_1_13' title='bbox 231 733 320 806; x_wconf 71' lang='lat' dir='ltr'>polita</span> <span class='ocrx_word' id='word_1_14' title='bbox 350 747 375 788; x_wconf 91' lang='lat' dir='ltr'>c.</span> <span class='ocrx_word' id='word_1_15' title='bbox 408 729 519 806; x_wconf 72' lang='lat'>3§4.</span> <span class='ocrx_word' id='word_1_16' title='bbox 563 728 757 801; x_wconf 82' lang='lat' dir='ltr'>„Antiochiae</span> <span class='ocrx_word' id='word_1_17' title='bbox 784 728 893 788; x_wconf 81' lang='lat' dir='ltr'>celebri</span> <span class='ocrx_word' id='word_1_18' title='bbox 914 729 1057 806; x_wconf 84' lang='lat' dir='ltr'>qaoadara</span> <span class='ocrx_word' id='word_1_19' title='bbox 1076 729 1148 790; x_wconf 90' lang='lat' dir='ltr'>urbe</span> <span class='ocrx_word' id='word_1_20' title='bbox 1168 763 1209 773; x_wconf 91' lang='lat'><em>-</em></span> <span class='ocrx_word' id='word_1_21' title='bbox 1229 734 1311 791; x_wconf 87' lang='lat' dir='ltr'>ante·</span> <span class='ocrx_word' id='word_1_22' title='bbox 1399 798 1401 801; x_wconf 53' lang='grc'>,</span> 
     </span>
    </p>
   </div>
   <div class='ocr_carea' id='block_1_4' title="bbox 229 829 1312 1011">
    <p class='ocr_par' dir='ltr' id='par_1_4' title="bbox 229 829 1312 1011">
     <span class='ocr_line' id='line_1_4' title="bbox 231 829 1312 911; baseline 0.003 -21"><span class='ocrx_word' id='word_1_23' title='bbox 231 833 337 891; x_wconf 87' lang='lat' dir='ltr'>cellere</span> <span class='ocrx_word' id='word_1_24' title='bbox 347 831 423 891; x_wconf 86' lang='lat' dir='ltr'>oet.’&#39;</span> <span class='ocrx_word' id='word_1_25' title='bbox 464 832 582 891; x_wconf 90' lang='lat' dir='ltr'>Verene</span> <span class='ocrx_word' id='word_1_26' title='bbox 592 830 685 891; x_wconf 91' lang='lat' dir='ltr'>credit</span> <span class='ocrx_word' id='word_1_27' title='bbox 701 829 837 891; x_wconf 76' lang='lat' dir='ltr'>Ciceroni</span> <span class='ocrx_word' id='word_1_28' title='bbox 857 832 900 891; x_wconf 89' lang='lat' dir='ltr'>ita</span> <span class='ocrx_word' id='word_1_29' title='bbox 910 831 1054 892; x_wconf 89' lang='lat' dir='ltr'>incertum</span> <span class='ocrx_word' id='word_1_30' title='bbox 1074 836 1190 909; x_wconf 89' lang='lat' dir='ltr'>tempus</span> <span class='ocrx_word' id='word_1_31' title='bbox 1210 832 1312 911; x_wconf 84' lang='lat' dir='ltr'>fuisse,</span> 
     </span>
     <span class='ocr_line' id='line_1_5' title="bbox 229 932 619 1011; baseline -0.005 -17"><span class='ocrx_word' id='word_1_32' title='bbox 229 952 287 1011; x_wconf 90' lang='lat' dir='ltr'>quo</span> <span class='ocrx_word' id='word_1_33' title='bbox 301 935 461 996; x_wconf 83' lang='lat' dir='ltr'><strong>Antiochia</strong></span> <span class='ocrx_word' id='word_1_34' title='bbox 479 932 619 993; x_wconf 77' lang='lat' dir='ltr'>floreret?</span> 
     </span>
    </p>
   </div>
   <div class='ocr_carea' id='block_1_5' title="bbox 228 1115 1310 1592">
    <p class='ocr_par' dir='ltr' id='par_1_5' title="bbox 228 1115 1310 1592">
     <span class='ocr_line' id='line_1_6' title="bbox 270 1115 1310 1193; baseline 0.005 -18"><span class='ocrx_word' id='word_1_35' title='bbox 270 1134 348 1175; x_wconf 76' lang='lat' dir='ltr'>rcere</span> <span class='ocrx_word' id='word_1_36' title='bbox 368 1132 403 1175; x_wconf 90' lang='lat' dir='ltr'>ae</span> <span class='ocrx_word' id='word_1_37' title='bbox 423 1115 544 1193; x_wconf 81' lang='lat' dir='ltr'>reipahl.</span> <span class='ocrx_word' id='word_1_38' title='bbox 563 1133 658 1193; x_wconf 78' lang='lat' dir='ltr'>poena</span> <span class='ocrx_word' id='word_1_39' title='bbox 679 1122 823 1175; x_wconf 83' lang='lat' dir='ltr'>remorata</span> <span class='ocrx_word' id='word_1_40' title='bbox 844 1123 894 1176; x_wconf 83' lang='lat' dir='ltr'>est.</span> <span class='ocrx_word' id='word_1_41' title='bbox 938 1117 1125 1192; x_wconf 85' lang='lat' dir='ltr'>,Absurdum</span> <span class='ocrx_word' id='word_1_42' title='bbox 1147 1124 1193 1181; x_wconf 91' lang='lat' dir='ltr'>est</span> <span class='ocrx_word' id='word_1_43' title='bbox 1213 1117 1310 1180; x_wconf 81' lang='lat' dir='ltr'>dicere</span> 
     </span>
     <span class='ocr_line' id='line_1_7' title="bbox 229 1218 1309 1299; baseline 0.005 -21"><span class='ocrx_word' id='word_1_44' title='bbox 229 1224 352 1280; x_wconf 87' lang='lat' dir='ltr'>mortem</span> <span class='ocrx_word' id='word_1_45' title='bbox 382 1236 450 1278; x_wconf 89' lang='lat' dir='ltr'>eum</span> <span class='ocrx_word' id='word_1_46' title='bbox 470 1219 618 1297; x_wconf 89' lang='lat' dir='ltr'>remorari,</span> <span class='ocrx_word' id='word_1_47' title='bbox 639 1218 773 1295; x_wconf 74' lang='lat' dir='ltr'>qui‘sero</span> <span class='ocrx_word' id='word_1_48' title='bbox 790 1218 992 1279; x_wconf 87' lang='lat' dir='ltr'>interficitur.&#39;&#39;</span> <span class='ocrx_word' id='word_1_49' title='bbox 1013 1221 1050 1279; x_wconf 86' lang='lat' dir='ltr'>R.</span> <span class='ocrx_word' id='word_1_50' title='bbox 1072 1255 1113 1264; x_wconf 91' lang='lat'>-</span> <span class='ocrx_word' id='word_1_51' title='bbox 1133 1220 1225 1299; x_wconf 83' lang='lat' dir='ltr'>Atqui</span> <span class='ocrx_word' id='word_1_52' title='bbox 1243 1240 1309 1283; x_wconf 90' lang='lat' dir='ltr'>con·</span> 
     </span>
     <span class='ocr_line' id='line_1_8' title="bbox 229 1323 1310 1401; baseline 0.001 -16"><span class='ocrx_word' id='word_1_53' title='bbox 229 1326 351 1385; x_wconf 79' lang='lat' dir='ltr'>trarirm</span> <span class='ocrx_word' id='word_1_54' title='bbox 379 1323 451 1385; x_wconf 90' lang='lat' dir='ltr'>dicit</span> <span class='ocrx_word' id='word_1_55' title='bbox 481 1323 596 1383; x_wconf 76' lang='lat' dir='ltr'>Cicero:</span> <span class='ocrx_word' id='word_1_56' title='bbox 628 1327 751 1383; x_wconf 91' lang='lat' dir='ltr'>mortem</span> <span class='ocrx_word' id='word_1_57' title='bbox 782 1341 817 1383; x_wconf 92' lang='lat' dir='ltr'>ao</span> <span class='ocrx_word' id='word_1_58' title='bbox 847 1341 973 1401; x_wconf 91' lang='lat' dir='ltr'>poenam</span> <span class='ocrx_word' id='word_1_59' title='bbox 991 1341 1042 1383; x_wconf 87' lang='lat' dir='ltr'>eos</span> <span class='ocrx_word' id='word_1_60' title='bbox 1069 1342 1129 1385; x_wconf 89' lang='lat' dir='ltr'>non</span> <span class='ocrx_word' id='word_1_61' title='bbox 1148 1331 1310 1386; x_wconf 81' lang='lat' dir='ltr'>remoratae</span> 
     </span>
     <span class='ocr_line' id='line_1_9' title="bbox 229 1426 1310 1508; baseline 0.002 -19"><span class='ocrx_word' id='word_1_62' title='bbox 229 1446 303 1508; x_wconf 86' lang='lat' dir='ltr'>esse,</span> <span class='ocrx_word' id='word_1_63' title='bbox 334 1429 473 1504; x_wconf 86' lang='lat' dir='ltr'>quoniam</span> <span class='ocrx_word' id='word_1_64' title='bbox 494 1428 595 1487; x_wconf 89' lang='lat' dir='ltr'>statim</span> <span class='ocrx_word' id='word_1_65' title='bbox 612 1426 760 1487; x_wconf 70' lang='lat' dir='ltr'>interiecti</span> <span class='ocrx_word' id='word_1_66' title='bbox 777 1427 846 1486; x_wconf 87' lang='lat' dir='ltr'>sint.</span> <span class='ocrx_word' id='word_1_67' title='bbox 887 1427 1025 1490; x_wconf 76' lang='lat' dir='ltr'>(laterum</span> <span class='ocrx_word' id='word_1_68' title='bbox 1042 1428 1078 1489; x_wconf 84' lang='lat' dir='ltr'>cf.</span> <span class='ocrx_word' id='word_1_69' title='bbox 1099 1429 1144 1507; x_wconf 83' lang='lat' dir='ltr'>B,</span> <span class='ocrx_word' id='word_1_70' title='bbox 1159 1431 1210 1506; x_wconf 86' lang='lat' dir='ltr'>qui</span> <span class='ocrx_word' id='word_1_71' title='bbox 1230 1436 1310 1491; x_wconf 90' lang='lat' dir='ltr'>recte</span> 
     </span>
     <span class='ocr_line' id='line_1_10' title="bbox 228 1529 584 1592; baseline 0 -3"><span class='ocrx_word' id='word_1_72' title='bbox 228 1531 307 1592; x_wconf 91' lang='lat' dir='ltr'>hunc</span> <span class='ocrx_word' id='word_1_73' title='bbox 326 1533 423 1590; x_wconf 90' lang='lat' dir='ltr'>locum</span> <span class='ocrx_word' id='word_1_74' title='bbox 444 1529 584 1590; x_wconf 86' lang='lat' dir='ltr'>defendit.</span> 
     </span>
    </p>
   </div>
   <div class='ocr_carea' id='block_1_6' title="bbox 226 1691 1309 2594">
    <p class='ocr_par' dir='ltr' id='par_1_6' title="bbox 226 1691 1309 2594">
     <span class='ocr_line' id='line_1_11' title="bbox 270 1691 1309 1776; baseline 0.004 -25"><span class='ocrx_word' id='word_1_75' title='bbox 270 1693 416 1751; x_wconf 77' lang='lat' dir='ltr'>hebescere</span> <span class='ocrx_word' id='word_1_76' title='bbox 441 1692 531 1751; x_wconf 81' lang='lat' dir='ltr'>aciem</span> <span class='ocrx_word' id='word_1_77' title='bbox 552 1691 654 1750; x_wconf 78' lang='lat' dir='ltr'>horam</span> <span class='ocrx_word' id='word_1_78' title='bbox 668 1692 856 1752; x_wconf 81' lang='lat' dir='ltr'>auctoritatis.</span> <span class='ocrx_word' id='word_1_79' title='bbox 898 1693 1006 1753; x_wconf 88' lang='lat' dir='ltr'>Mureti</span> <span class='ocrx_word' id='word_1_80' title='bbox 1028 1695 1309 1776; x_wconf 67' lang='lat' dir='ltr'>interpretationem,</span> 
     </span>
     <span class='ocr_line' id='line_1_12' title="bbox 229 1793 1309 1877; baseline 0.006 -24"><span class='ocrx_word' id='word_1_81' title='bbox 229 1794 311 1874; x_wconf 78' lang='lat' dir='ltr'>qaasi</span> <span class='ocrx_word' id='word_1_82' title='bbox 342 1793 376 1852; x_wconf 81' lang='lat' dir='ltr'>ele</span> <span class='ocrx_word' id='word_1_83' title='bbox 396 1793 503 1872; x_wconf 72' lang='lat' dir='ltr'>clodio,</span> <span class='ocrx_word' id='word_1_84' title='bbox 524 1793 693 1873; x_wconf 79' lang='lat' dir='ltr'>improbans</span> <span class='ocrx_word' id='word_1_85' title='bbox 715 1794 757 1854; x_wconf 86' lang='lat' dir='ltr'>ait</span> <span class='ocrx_word' id='word_1_86' title='bbox 777 1796 824 1854; x_wconf 74' lang='lat' dir='ltr'>a:</span> <span class='ocrx_word' id='word_1_87' title='bbox 849 1799 897 1869; x_wconf 86' lang='lat' dir='ltr'>„at</span> <span class='ocrx_word' id='word_1_88' title='bbox 915 1814 951 1856; x_wconf 88' lang='lat' dir='ltr'>ea</span> <span class='ocrx_word' id='word_1_89' title='bbox 971 1796 1144 1874; x_wconf 88' lang='lat' dir='ltr'>metaphora</span> <span class='ocrx_word' id='word_1_90' title='bbox 1165 1816 1224 1857; x_wconf 91' lang='lat' dir='ltr'>non</span> <span class='ocrx_word' id='word_1_91' title='bbox 1243 1816 1309 1877; x_wconf 87' lang='lat' dir='ltr'>pro·</span> 
     </span>
     <span class='ocr_line' id='line_1_13' title="bbox 227 1896 1309 1976; baseline 0.003 -19"><span class='ocrx_word' id='word_1_92' title='bbox 227 1898 318 1976; x_wconf 78' lang='lat' dir='ltr'>cedit3</span> <span class='ocrx_word' id='word_1_93' title='bbox 347 1915 416 1956; x_wconf 89' lang='lat' dir='ltr'>nam</span> <span class='ocrx_word' id='word_1_94' title='bbox 439 1896 558 1971; x_wconf 82' lang='lat' dir='ltr'>gladius</span> <span class='ocrx_word' id='word_1_95' title='bbox 589 1898 621 1955; x_wconf 90' lang='lat' dir='ltr'>in</span> <span class='ocrx_word' id='word_1_96' title='bbox 641 1897 751 1970; x_wconf 83' lang='lat' dir='ltr'>vagina</span> <span class='ocrx_word' id='word_1_97' title='bbox 772 1897 940 1958; x_wconf 86' lang='lat' dir='ltr'>reconditus</span> <span class='ocrx_word' id='word_1_98' title='bbox 961 1916 1021 1956; x_wconf 90' lang='lat' dir='ltr'>non</span> <span class='ocrx_word' id='word_1_99' title='bbox 1036 1898 1199 1959; x_wconf 86' lang='lat' dir='ltr'>hebescit.&#39;&#39;</span> <span class='ocrx_word' id='word_1_100' title='bbox 1240 1902 1309 1960; x_wconf 88' lang='lat' dir='ltr'>Non</span> 
     </span>
     <span class='ocr_line' id='line_1_14' title="bbox 226 2000 1307 2080; baseline 0.004 -19"><span class='ocrx_word' id='word_1_101' title='bbox 226 2002 376 2080; x_wconf 87' lang='lat' dir='ltr'>reputavit</span> <span class='ocrx_word' id='word_1_102' title='bbox 402 2001 463 2079; x_wconf 88' lang='lat' dir='ltr'>ille,</span> <span class='ocrx_word' id='word_1_103' title='bbox 494 2000 646 2061; x_wconf 88' lang='lat' dir='ltr'>recondita</span> <span class='ocrx_word' id='word_1_104' title='bbox 677 2001 738 2061; x_wconf 92' lang='lat' dir='ltr'>tela</span> <span class='ocrx_word' id='word_1_105' title='bbox 766 2002 827 2060; x_wconf 88' lang='lat' dir='ltr'>situ</span> <span class='ocrx_word' id='word_1_106' title='bbox 857 2003 1002 2080; x_wconf 87' lang='lat' dir='ltr'>occupari,</span> <span class='ocrx_word' id='word_1_107' title='bbox 1034 2007 1123 2080; x_wconf 89' lang='lat' dir='ltr'>atque</span> <span class='ocrx_word' id='word_1_108' title='bbox 1149 2005 1192 2063; x_wconf 89' lang='lat' dir='ltr'>ita</span> <span class='ocrx_word' id='word_1_109' title='bbox 1218 2005 1307 2066; x_wconf 92' lang='lat' dir='ltr'>hebe-</span> 
     </span>
     <span class='ocr_line' id='line_1_15' title="bbox 227 2102 1309 2183; baseline 0.005 -20"><span class='ocrx_word' id='word_1_110' title='bbox 227 2122 322 2164; x_wconf 87' lang='lat' dir='ltr'>scere:</span> <span class='ocrx_word' id='word_1_111' title='bbox 350 2102 595 2180; x_wconf 88' lang='lat' dir='ltr'>quemadmodum</span> <span class='ocrx_word' id='word_1_112' title='bbox 616 2106 647 2162; x_wconf 92' lang='lat' dir='ltr'>et</span> <span class='ocrx_word' id='word_1_113' title='bbox 666 2120 720 2161; x_wconf 91' lang='lat' dir='ltr'>nos</span> <span class='ocrx_word' id='word_1_114' title='bbox 741 2102 875 2183; x_wconf 89' lang='lat' dir='ltr'>dicimus,</span> <span class='ocrx_word' id='word_1_115' title='bbox 897 2103 944 2162; x_wconf 87' lang='lat' dir='ltr'>het</span> <span class='ocrx_word' id='word_1_116' title='bbox 961 2105 1077 2164; x_wconf 80' lang='lat' dir='ltr'>zwaarel</span> <span class='ocrx_word' id='word_1_117' title='bbox 1098 2106 1130 2164; x_wconf 80' lang='lat' dir='ltr'>ia</span> <span class='ocrx_word' id='word_1_118' title='bbox 1151 2106 1186 2165; x_wconf 83' lang='lat' dir='ltr'>dc</span> <span class='ocrx_word' id='word_1_119' title='bbox 1207 2107 1309 2168; x_wconf 82' lang='lat' dir='ltr'>scheda</span> 
     </span>
     <span class='ocr_line' id='line_1_16' title="bbox 229 2204 1308 2285; baseline 0.006 -21"><span class='ocrx_word' id='word_1_120' title='bbox 229 2206 306 2265; x_wconf 82' lang='lat' dir='ltr'>lateo</span> <span class='ocrx_word' id='word_1_121' title='bbox 328 2211 496 2263; x_wconf 77' lang='lat' dir='ltr'>cerecestca.</span> <span class='ocrx_word' id='word_1_122' title='bbox 538 2204 645 2265; x_wconf 76' lang='lat' dir='ltr'>(latera</span> <span class='ocrx_word' id='word_1_123' title='bbox 668 2206 744 2265; x_wconf 88' lang='lat' dir='ltr'>bene</span> <span class='ocrx_word' id='word_1_124' title='bbox 769 2209 868 2264; x_wconf 89' lang='lat' dir='ltr'>tuetur</span> <span class='ocrx_word' id='word_1_125' title='bbox 897 2207 1035 2285; x_wconf 80' lang='lat' dir='ltr'>Boetius3</span> <span class='ocrx_word' id='word_1_126' title='bbox 1078 2209 1130 2266; x_wconf 89' lang='lat' dir='ltr'>sed</span> <span class='ocrx_word' id='word_1_127' title='bbox 1151 2211 1308 2271; x_wconf 75' lang='lat' dir='ltr'>arroteritae</span> 
     </span>
     <span class='ocr_line' id='line_1_17' title="bbox 226 2305 1308 2389; baseline 0.006 -23"><span class='ocrx_word' id='word_1_128' title='bbox 226 2308 275 2368; x_wconf 91' lang='lat' dir='ltr'>hic</span> <span class='ocrx_word' id='word_1_129' title='bbox 301 2326 361 2366; x_wconf 91' lang='lat' dir='ltr'>non</span> <span class='ocrx_word' id='word_1_130' title='bbox 381 2312 442 2367; x_wconf 88' lang='lat' dir='ltr'>tam</span> <span class='ocrx_word' id='word_1_131' title='bbox 463 2307 560 2383; x_wconf 91' lang='lat' dir='ltr'>ipsum</span> <span class='ocrx_word' id='word_1_132' title='bbox 578 2305 679 2366; x_wconf 84' lang='lat' dir='ltr'>Sctum</span> <span class='ocrx_word' id='word_1_133' title='bbox 701 2306 868 2381; x_wconf 82' lang='lat' dir='ltr'>significare</span> <span class='ocrx_word' id='word_1_134' title='bbox 889 2308 1015 2387; x_wconf 89' lang='lat' dir='ltr'>videtur,</span> <span class='ocrx_word' id='word_1_135' title='bbox 1037 2327 1126 2386; x_wconf 88' lang='lat' dir='ltr'>quam</span> <span class='ocrx_word' id='word_1_136' title='bbox 1139 2318 1308 2389; x_wconf 82' lang='lat' dir='ltr'>potestatem</span> 
     </span>
     <span class='ocr_line' id='line_1_18' title="bbox 226 2408 1306 2490; baseline 0.005 -20"><span class='ocrx_word' id='word_1_137' title='bbox 226 2427 261 2470; x_wconf 93' lang='lat' dir='ltr'>eo</span> <span class='ocrx_word' id='word_1_138' title='bbox 282 2410 364 2471; x_wconf 81' lang='lat' dir='ltr'>Coss.</span> <span class='ocrx_word' id='word_1_139' title='bbox 382 2427 559 2487; x_wconf 77' lang='lat' dir='ltr'>concessam,</span> <span class='ocrx_word' id='word_1_140' title='bbox 577 2408 662 2469; x_wconf 90' lang='lat' dir='ltr'>nobis</span> <span class='ocrx_word' id='word_1_141' title='bbox 682 2409 839 2488; x_wconf 88' lang='lat' dir='ltr'>volmacht,</span> <span class='ocrx_word' id='word_1_142' title='bbox 860 2415 894 2470; x_wconf 87' lang='lat' dir='ltr'>ut</span> <span class='ocrx_word' id='word_1_143' title='bbox 911 2410 948 2470; x_wconf 92' lang='lat' dir='ltr'>de</span> <span class='ocrx_word' id='word_1_144' title='bbox 960 2409 1041 2470; x_wconf 88' lang='lat' dir='ltr'>Offio.</span> <span class='ocrx_word' id='word_1_145' title='bbox 1060 2412 1116 2490; x_wconf 95' lang='lat' dir='ltr'>III,</span> <span class='ocrx_word' id='word_1_146' title='bbox 1138 2413 1207 2472; x_wconf 84' lang='lat'><strong>30.”</strong></span> <span class='ocrx_word' id='word_1_147' title='bbox 1236 2414 1306 2475; x_wconf 83' lang='lat' dir='ltr'>Sine</span> 
     </span>
     <span class='ocr_line' id='line_1_19' title="bbox 226 2513 1204 2594; baseline 0 -18"><span class='ocrx_word' id='word_1_148' title='bbox 226 2520 347 2577; x_wconf 89' lang='lat' dir='ltr'>senatus</span> <span class='ocrx_word' id='word_1_149' title='bbox 368 2514 537 2574; x_wconf 78' lang='lat' dir='ltr'>auctoritate</span> <span class='ocrx_word' id='word_1_150' title='bbox 556 2513 660 2574; x_wconf 87' lang='lat' dir='ltr'>foedus</span> <span class='ocrx_word' id='word_1_151' title='bbox 680 2513 820 2573; x_wconf 87' lang='lat' dir='ltr'>fecerat.&#39;&#39;</span> <span class='ocrx_word' id='word_1_152' title='bbox 862 2514 940 2574; x_wconf 87' lang='lat' dir='ltr'>Vide</span> <span class='ocrx_word' id='word_1_153' title='bbox 961 2532 1051 2592; x_wconf 88' lang='lat' dir='ltr'>supra</span> <span class='ocrx_word' id='word_1_154' title='bbox 1072 2516 1111 2575; x_wconf 89' lang='lat' dir='ltr'>ad</span> <span class='ocrx_word' id='word_1_155' title='bbox 1132 2517 1152 2594; x_wconf 66' lang='grc' dir='ltr'><em>ξ</em></span> <span class='ocrx_word' id='word_1_156' title='bbox 1176 2520 1204 2577; x_wconf 85' lang='grc'>3.</span> 
     </span>
    </p>
   </div>
   <div class='ocr_carea' id='block_1_7' title="bbox 220 2664 1306 4312">
    <p class='ocr_par' dir='ltr' id='par_1_7' title="bbox 220 2664 1306 4312">
     <span class='ocr_line' id='line_1_20' title="bbox 265 2664 1306 2754; baseline 0.009 -20"><span class='ocrx_word' id='word_1_157' title='bbox 265 2676 409 2736; x_wconf 74' lang='lat' dir='ltr'>trecharum</span> <span class='ocrx_word' id='word_1_158' title='bbox 425 2676 458 2735; x_wconf 82' lang='lat' dir='ltr'>ia</span> <span class='ocrx_word' id='word_1_159' title='bbox 477 2676 591 2753; x_wconf 83' lang='lat' dir='ltr'>tahalis,</span> <span class='ocrx_word' id='word_1_160' title='bbox 613 2681 750 2754; x_wconf 76' lang='lat' dir='ltr'>tanquam</span> <span class='ocrx_word' id='word_1_161' title='bbox 771 2676 804 2735; x_wconf 81' lang='lat' dir='ltr'>ia</span> <span class='ocrx_word' id='word_1_162' title='bbox 824 2664 930 2754; x_wconf 70' lang='lat' dir='ltr'>raptem</span> <span class='ocrx_word' id='word_1_163' title='bbox 949 2677 1136 2737; x_wconf 78' lang='lat' dir='ltr'>reconditam.</span> <span class='ocrx_word' id='word_1_164' title='bbox 1160 2679 1219 2753; x_wconf 86' lang='lat' dir='ltr'>„Ut</span> <span class='ocrx_word' id='word_1_165' title='bbox 1231 2680 1306 2743; x_wconf 90' lang='lat' dir='ltr'>haec</span> 
     </span>
     <span class='ocr_line' id='line_1_21' title="bbox 226 2779 1304 2866; baseline 0.006 -27"><span class='ocrx_word' id='word_1_166' title='bbox 226 2779 340 2857; x_wconf 88' lang='lat' dir='ltr'>aliquid</span> <span class='ocrx_word' id='word_1_167' title='bbox 371 2779 537 2853; x_wconf 85' lang='lat' dir='ltr'>siguificare</span> <span class='ocrx_word' id='word_1_168' title='bbox 557 2781 681 2858; x_wconf 85' lang='lat' dir='ltr'>possint,</span> <span class='ocrx_word' id='word_1_169' title='bbox 702 2798 823 2841; x_wconf 88' lang='lat' dir='ltr'>necesse</span> <span class='ocrx_word' id='word_1_170' title='bbox 844 2781 901 2842; x_wconf 88' lang='lat' dir='ltr'>fuit</span> <span class='ocrx_word' id='word_1_171' title='bbox 917 2786 951 2842; x_wconf 91' lang='lat' dir='ltr'>ut</span> <span class='ocrx_word' id='word_1_172' title='bbox 970 2782 1090 2843; x_wconf 88' lang='lat' dir='ltr'>tabulae</span> <span class='ocrx_word' id='word_1_173' title='bbox 1111 2785 1304 2866; x_wconf 78' lang='lat' dir='ltr'>aperIrentur,</span> 
     </span>
     <span class='ocr_line' id='line_1_22' title="bbox 224 2882 1305 2965; baseline 0.005 -21"><span class='ocrx_word' id='word_1_174' title='bbox 224 2903 313 2962; x_wconf 90' lang='lat' dir='ltr'>quum</span> <span class='ocrx_word' id='word_1_175' title='bbox 332 2901 367 2943; x_wconf 92' lang='lat' dir='ltr'>eo</span> <span class='ocrx_word' id='word_1_176' title='bbox 388 2882 458 2942; x_wconf 79' lang='lat' dir='ltr'>Scio</span> <span class='ocrx_word' id='word_1_177' title='bbox 474 2882 556 2942; x_wconf 81' lang='lat' dir='ltr'>Coss.</span> <span class='ocrx_word' id='word_1_178' title='bbox 575 2887 675 2942; x_wconf 88' lang='lat' dir='ltr'>essent</span> <span class='ocrx_word' id='word_1_179' title='bbox 688 2884 799 2942; x_wconf 83' lang='lat' dir='ltr'>usuri.&#39;&#39;</span> <span class='ocrx_word' id='word_1_180' title='bbox 820 2886 857 2942; x_wconf 88' lang='lat' dir='ltr'>R.</span> <span class='ocrx_word' id='word_1_181' title='bbox 878 2918 918 2927; x_wconf 95' lang='lat'>-—</span> <span class='ocrx_word' id='word_1_182' title='bbox 940 2884 1074 2965; x_wconf 90' lang='lat' dir='ltr'>Omnino,</span> <span class='ocrx_word' id='word_1_183' title='bbox 1095 2887 1122 2946; x_wconf 87' lang='lat' dir='ltr'>si</span> <span class='ocrx_word' id='word_1_184' title='bbox 1140 2888 1305 2950; x_wconf 89' lang='lat' dir='ltr'>incarcere</span> 
     </span>
     <span class='ocr_line' id='line_1_23' title="bbox 224 2986 1304 3066; baseline 0.001 -16"><span class='ocrx_word' id='word_1_185' title='bbox 224 2994 303 3050; x_wconf 89' lang='lat' dir='ltr'>esset</span> <span class='ocrx_word' id='word_1_186' title='bbox 333 2989 493 3066; x_wconf 82' lang='lat' dir='ltr'>inclusum3</span> <span class='ocrx_word' id='word_1_187' title='bbox 527 2986 581 3047; x_wconf 88' lang='lat' dir='ltr'>sed</span> <span class='ocrx_word' id='word_1_188' title='bbox 601 3003 691 3063; x_wconf 90' lang='lat' dir='ltr'>quum</span> <span class='ocrx_word' id='word_1_189' title='bbox 718 2987 858 3061; x_wconf 83' lang='lat' dir='ltr'>legimus:</span> <span class='ocrx_word' id='word_1_190' title='bbox 882 2990 1028 3065; x_wconf 85' lang='lat' dir='ltr'>,speciem</span> <span class='ocrx_word' id='word_1_191' title='bbox 1049 2991 1096 3048; x_wconf 90' lang='lat' dir='ltr'>sui</span> <span class='ocrx_word' id='word_1_192' title='bbox 1117 2991 1243 3050; x_wconf 87' lang='lat' dir='ltr'>similem</span> <span class='ocrx_word' id='word_1_193' title='bbox 1260 2993 1304 3052; x_wconf 81' lang='lat' dir='ltr'>ia·</span> 
     </span>
     <span class='ocr_line' id='line_1_24' title="bbox 224 3089 1305 3168; baseline 0.003 -18"><span class='ocrx_word' id='word_1_194' title='bbox 224 3091 310 3150; x_wconf 78' lang='lat' dir='ltr'>cheat</span> <span class='ocrx_word' id='word_1_195' title='bbox 330 3091 434 3168; x_wconf 86' lang='lat' dir='ltr'>clypeo</span> <span class='ocrx_word' id='word_1_196' title='bbox 451 3089 595 3149; x_wconf 84' lang='lat' dir='ltr'>Phidias’&#39;</span> <span class='ocrx_word' id='word_1_197' title='bbox 638 3089 760 3149; x_wconf 86' lang='lat' dir='ltr'>Tuscul.</span> <span class='ocrx_word' id='word_1_198' title='bbox 779 3090 803 3167; x_wconf 96' lang='lat' dir='ltr'>I,</span> <span class='ocrx_word' id='word_1_199' title='bbox 826 3090 873 3167; x_wconf 85' lang='lat'>15,</span> <span class='ocrx_word' id='word_1_200' title='bbox 895 3092 944 3148; x_wconf 86' lang='lat'>34:</span> <span class='ocrx_word' id='word_1_201' title='bbox 968 3089 1133 3164; x_wconf 82' lang='lat' dir='ltr'>,iacladere</span> <span class='ocrx_word' id='word_1_202' title='bbox 1154 3093 1305 3154; x_wconf 82' lang='lat' dir='ltr'>oratione’&#39;</span> 
     </span>
     <span class='ocr_line' id='line_1_25' title="bbox 222 3193 1304 3274; baseline 0.005 -19"><span class='ocrx_word' id='word_1_203' title='bbox 222 3196 313 3256; x_wconf 84' lang='lat' dir='ltr'>Attio.</span> <span class='ocrx_word' id='word_1_204' title='bbox 331 3197 356 3274; x_wconf 95' lang='lat' dir='ltr'>I,</span> <span class='ocrx_word' id='word_1_205' title='bbox 379 3197 425 3255; x_wconf 86' lang='lat'>13:</span> <span class='ocrx_word' id='word_1_206' title='bbox 450 3196 596 3273; x_wconf 87' lang='lat' dir='ltr'>,aliquem</span> <span class='ocrx_word' id='word_1_207' title='bbox 617 3194 649 3253; x_wconf 92' lang='lat' dir='ltr'>in</span> <span class='ocrx_word' id='word_1_208' title='bbox 668 3193 821 3268; x_wconf 75' lang='lat' dir='ltr'>dialogos&#39;</span> <span class='ocrx_word' id='word_1_209' title='bbox 843 3194 914 3252; x_wconf 86' lang='lat' dir='ltr'>ibid.</span> <span class='ocrx_word' id='word_1_210' title='bbox 937 3197 984 3273; x_wconf 87' lang='lat'>13,</span> <span class='ocrx_word' id='word_1_211' title='bbox 1005 3198 1054 3254; x_wconf 87' lang='grc'>40.</span> <span class='ocrx_word' id='word_1_212' title='bbox 1068 3196 1176 3271; x_wconf 87' lang='lat' dir='ltr'>,verba</span> <span class='ocrx_word' id='word_1_213' title='bbox 1197 3200 1304 3260; x_wconf 85' lang='lat' dir='ltr'>versu&#39;&#39;</span> 
     </span>
     <span class='ocr_line' id='line_1_26' title="bbox 223 3269 1303 3377; baseline 0.006 -20"><span class='ocrx_word' id='word_1_214' title='bbox 223 3299 260 3358; x_wconf 92' lang='lat' dir='ltr'>de</span> <span class='ocrx_word' id='word_1_215' title='bbox 289 3297 370 3359; x_wconf 88' lang='lat' dir='ltr'>Orat.</span> <span class='ocrx_word' id='word_1_216' title='bbox 399 3299 455 3376; x_wconf 93' lang='lat' dir='ltr'>III,</span> <span class='ocrx_word' id='word_1_217' title='bbox 477 3300 516 3357; x_wconf 84' lang='grc'>48</span> <span class='ocrx_word' id='word_1_218' title='bbox 538 3269 911 3377; x_wconf 73' lang='lat' dir='ltr'>§182.,aliaeius⁸modi:</span> <span class='ocrx_word' id='word_1_219' title='bbox 933 3300 1133 3377; x_wconf 89' lang='lat' dir='ltr'>metaphorice</span> <span class='ocrx_word' id='word_1_220' title='bbox 1147 3301 1223 3363; x_wconf 90' lang='lat' dir='ltr'>haec</span> <span class='ocrx_word' id='word_1_221' title='bbox 1244 3322 1303 3364; x_wconf 91' lang='lat' dir='ltr'>om-</span> 
     </span>
     <span class='ocr_line' id='line_1_27' title="bbox 222 3402 1305 3480; baseline 0.006 -18"><span class='ocrx_word' id='word_1_222' title='bbox 222 3403 273 3462; x_wconf 89' lang='lat' dir='ltr'>nia</span> <span class='ocrx_word' id='word_1_223' title='bbox 297 3403 356 3462; x_wconf 91' lang='lat' dir='ltr'>dici</span> <span class='ocrx_word' id='word_1_224' title='bbox 380 3420 439 3461; x_wconf 91' lang='lat' dir='ltr'>non</span> <span class='ocrx_word' id='word_1_225' title='bbox 466 3402 607 3477; x_wconf 84' lang='lat' dir='ltr'>intelligit</span> <span class='ocrx_word' id='word_1_226' title='bbox 631 3403 677 3480; x_wconf 83' lang='lat' dir='ltr'>R,</span> <span class='ocrx_word' id='word_1_227' title='bbox 709 3407 740 3463; x_wconf 88' lang='lat' dir='ltr'>et</span> <span class='ocrx_word' id='word_1_228' title='bbox 766 3403 854 3465; x_wconf 90' lang='lat' dir='ltr'>huius</span> <span class='ocrx_word' id='word_1_229' title='bbox 885 3404 1004 3478; x_wconf 83' lang='lat' dir='ltr'>generis</span> <span class='ocrx_word' id='word_1_230' title='bbox 1025 3423 1091 3465; x_wconf 90' lang='lat' dir='ltr'>esse</span> <span class='ocrx_word' id='word_1_231' title='bbox 1109 3405 1253 3467; x_wconf 72' lang='lat' dir='ltr'>caelatam</span> <span class='ocrx_word' id='word_1_232' title='bbox 1272 3409 1305 3468; x_wconf 78' lang='lat' dir='ltr'>ia</span> 
     </span>
     <span class='ocr_line' id='line_1_28' title="bbox 223 3506 1303 3586; baseline 0.007 -20"><span class='ocrx_word' id='word_1_233' title='bbox 223 3507 337 3586; x_wconf 84' lang='lat' dir='ltr'>tahalc‘s,</span> <span class='ocrx_word' id='word_1_234' title='bbox 357 3506 488 3586; x_wconf 81' lang='lat' dir='ltr'>herlotea,</span> <span class='ocrx_word' id='word_1_235' title='bbox 509 3513 605 3566; x_wconf 80' lang='lat' dir='ltr'>vereat</span> <span class='ocrx_word' id='word_1_236' title='bbox 626 3507 657 3566; x_wconf 91' lang='lat' dir='ltr'>in</span> <span class='ocrx_word' id='word_1_237' title='bbox 674 3506 726 3566; x_wconf 91' lang='lat' dir='ltr'>het</span> <span class='ocrx_word' id='word_1_238' title='bbox 747 3507 881 3568; x_wconf 81' lang='lat' dir='ltr'>archief?</span> <span class='ocrx_word' id='word_1_239' title='bbox 904 3508 940 3567; x_wconf 87' lang='lat' dir='ltr'>cf.</span> <span class='ocrx_word' id='word_1_240' title='bbox 959 3509 1049 3569; x_wconf 88' lang='lat' dir='ltr'>etiam</span> <span class='ocrx_word' id='word_1_241' title='bbox 1059 3510 1181 3571; x_wconf 88' lang='lat' dir='ltr'>Boetius</span> <span class='ocrx_word' id='word_1_242' title='bbox 1192 3512 1271 3572; x_wconf 85' lang='lat' dir='ltr'>adh.</span> <span class='ocrx_word' id='word_1_243' title='bbox 1282 3514 1303 3574; x_wconf 89' lang='grc'><strong>1.</strong></span> 
     </span>
     <span class='ocr_line' id='line_1_29' title="bbox 222 3608 1303 3689; baseline 0.005 -20"><span class='ocrx_word' id='word_1_244' title='bbox 222 3609 281 3671; x_wconf 84' lang='lat' dir='ltr'>Sed</span> <span class='ocrx_word' id='word_1_245' title='bbox 312 3611 410 3688; x_wconf 83' lang='lat' dir='ltr'>pergit</span> <span class='ocrx_word' id='word_1_246' title='bbox 441 3610 505 3670; x_wconf 90' lang='lat' dir='ltr'>ille:</span> <span class='ocrx_word' id='word_1_247' title='bbox 540 3611 716 3684; x_wconf 82' lang='lat' dir='ltr'>,Inelegans</span> <span class='ocrx_word' id='word_1_248' title='bbox 737 3615 767 3670; x_wconf 90' lang='lat' dir='ltr'>et</span> <span class='ocrx_word' id='word_1_249' title='bbox 799 3608 951 3686; x_wconf 59' lang='lat' dir='ltr'>scacario</span> <span class='ocrx_word' id='word_1_250' title='bbox 979 3615 1025 3670; x_wconf 89' lang='lat' dir='ltr'>est</span> <span class='ocrx_word' id='word_1_251' title='bbox 1055 3628 1141 3689; x_wconf 87' lang='lat' dir='ltr'>porro</span> <span class='ocrx_word' id='word_1_252' title='bbox 1170 3631 1206 3672; x_wconf 89' lang='lat' dir='ltr'>ea</span> <span class='ocrx_word' id='word_1_253' title='bbox 1227 3633 1303 3674; x_wconf 92' lang='lat' dir='ltr'>com·</span> 
     </span>
     <span class='ocr_line' id='line_1_30' title="bbox 221 3710 1304 3791; baseline 0.005 -19"><span class='ocrx_word' id='word_1_254' title='bbox 221 3714 345 3791; x_wconf 88' lang='lat' dir='ltr'>paratio,</span> <span class='ocrx_word' id='word_1_255' title='bbox 374 3712 476 3773; x_wconf 77' lang='lat' dir='ltr'>Sctum</span> <span class='ocrx_word' id='word_1_256' title='bbox 507 3712 582 3772; x_wconf 89' lang='lat' dir='ltr'>illud</span> <span class='ocrx_word' id='word_1_257' title='bbox 604 3714 635 3771; x_wconf 91' lang='lat' dir='ltr'>in</span> <span class='ocrx_word' id='word_1_258' title='bbox 659 3712 771 3786; x_wconf 81' lang='lat' dir='ltr'>ragina</span> <span class='ocrx_word' id='word_1_259' title='bbox 803 3728 868 3770; x_wconf 89' lang='lat' dir='ltr'>esse</span> <span class='ocrx_word' id='word_1_260' title='bbox 889 3710 1084 3772; x_wconf 88' lang='lat' dir='ltr'>reconditum:</span> <span class='ocrx_word' id='word_1_261' title='bbox 1107 3719 1138 3773; x_wconf 88' lang='lat' dir='ltr'>et</span> <span class='ocrx_word' id='word_1_262' title='bbox 1158 3717 1304 3790; x_wconf 88' lang='lat' dir='ltr'>quomodo</span> 
     </span>
     <span class='ocr_line' id='line_1_31' title="bbox 223 3813 1302 3893; baseline 0.006 -18"><span class='ocrx_word' id='word_1_263' title='bbox 223 3814 324 3875; x_wconf 84' lang='lat' dir='ltr'>Sctum</span> <span class='ocrx_word' id='word_1_264' title='bbox 351 3815 426 3875; x_wconf 88' lang='lat' dir='ltr'>illud</span> <span class='ocrx_word' id='word_1_265' title='bbox 440 3816 551 3876; x_wconf 90' lang='lat' dir='ltr'>includi</span> <span class='ocrx_word' id='word_1_266' title='bbox 572 3813 732 3893; x_wconf 80' lang='lat' dir='ltr'>poterat?’&#39;</span> <span class='ocrx_word' id='word_1_267' title='bbox 754 3814 857 3874; x_wconf 80' lang='lat' dir='ltr'>Foede</span> <span class='ocrx_word' id='word_1_268' title='bbox 880 3813 975 3893; x_wconf 86' lang='lat' dir='ltr'>ereda,</span> <span class='ocrx_word' id='word_1_269' title='bbox 997 3815 1048 3892; x_wconf 87' lang='lat' dir='ltr'>qui</span> <span class='ocrx_word' id='word_1_270' title='bbox 1066 3816 1120 3875; x_wconf 90' lang='lat' dir='ltr'>illa</span> <span class='ocrx_word' id='word_1_271' title='bbox 1140 3835 1198 3878; x_wconf 90' lang='lat' dir='ltr'>non</span> <span class='ocrx_word' id='word_1_272' title='bbox 1215 3818 1302 3881; x_wconf 90' lang='lat' dir='ltr'>intel·</span> 
     </span>
     <span class='ocr_line' id='line_1_32' title="bbox 221 3918 1302 4006; baseline 0.008 -29"><span class='ocrx_word' id='word_1_273' title='bbox 221 3918 305 3998; x_wconf 85' lang='lat' dir='ltr'>ligat,</span> <span class='ocrx_word' id='word_1_274' title='bbox 337 3937 404 3979; x_wconf 89' lang='lat' dir='ltr'>eum</span> <span class='ocrx_word' id='word_1_275' title='bbox 431 3919 560 3980; x_wconf 87' lang='lat' dir='ltr'>ethaeo</span> <span class='ocrx_word' id='word_1_276' title='bbox 587 3920 699 3999; x_wconf 76' lang='lat' dir='ltr'>fugere,</span> <span class='ocrx_word' id='word_1_277' title='bbox 731 3938 800 3978; x_wconf 91' lang='lat' dir='ltr'>nam</span> <span class='ocrx_word' id='word_1_278' title='bbox 827 3919 926 3997; x_wconf 82' lang='lat' dir='ltr'>pergit</span> <span class='ocrx_word' id='word_1_279' title='bbox 943 3920 975 3978; x_wconf 90' lang='lat' dir='ltr'>in</span> <span class='ocrx_word' id='word_1_280' title='bbox 996 3921 1100 3982; x_wconf 88' lang='lat' dir='ltr'>eadem</span> <span class='ocrx_word' id='word_1_281' title='bbox 1120 3925 1302 4006; x_wconf 87' lang='lat' dir='ltr'>metaphora,</span> 
     </span>
     <span class='ocr_line' id='line_1_33' title="bbox 222 4022 1302 4099; baseline 0.006 -17"><span class='ocrx_word' id='word_1_282' title='bbox 222 4039 311 4099; x_wconf 86' lang='lat' dir='ltr'>quam</span> <span class='ocrx_word' id='word_1_283' title='bbox 342 4022 533 4085; x_wconf 87' lang='lat' dir='ltr'>inchoaverat</span> <span class='ocrx_word' id='word_1_284' title='bbox 557 4025 655 4084; x_wconf 86' lang='lat' dir='ltr'>verbis</span> <span class='ocrx_word' id='word_1_285' title='bbox 677 4023 823 4083; x_wconf 84' lang='lat' dir='ltr'>hebescere</span> <span class='ocrx_word' id='word_1_286' title='bbox 841 4024 939 4083; x_wconf 73' lang='lat' dir='ltr'>aaem.</span> <span class='ocrx_word' id='word_1_287' title='bbox 981 4026 1090 4086; x_wconf 90' lang='lat' dir='ltr'>Mureti</span> <span class='ocrx_word' id='word_1_288' title='bbox 1115 4032 1214 4088; x_wconf 89' lang='lat' dir='ltr'>autem</span> <span class='ocrx_word' id='word_1_289' title='bbox 1235 4048 1302 4089; x_wconf 90' lang='lat' dir='ltr'>sen-</span> 
     </span>
     <span class='ocr_line' id='line_1_34' title="bbox 220 4128 1302 4209; baseline 0.005 -19"><span class='ocrx_word' id='word_1_290' title='bbox 220 4129 333 4190; x_wconf 88' lang='lat' dir='ltr'>tentiae</span> <span class='ocrx_word' id='word_1_291' title='bbox 362 4129 451 4189; x_wconf 88' lang='lat' dir='ltr'>etiam</span> <span class='ocrx_word' id='word_1_292' title='bbox 483 4128 608 4188; x_wconf 90' lang='lat' dir='ltr'>Wolfius</span> <span class='ocrx_word' id='word_1_293' title='bbox 636 4129 751 4190; x_wconf 88' lang='lat' dir='ltr'>accedit</span> <span class='ocrx_word' id='word_1_294' title='bbox 782 4135 812 4189; x_wconf 87' lang='lat' dir='ltr'>et</span> <span class='ocrx_word' id='word_1_295' title='bbox 839 4129 992 4209; x_wconf 89' lang='lat' dir='ltr'>Matthiae,</span> <span class='ocrx_word' id='word_1_296' title='bbox 1024 4131 1076 4207; x_wconf 88' lang='lat' dir='ltr'>qui</span> <span class='ocrx_word' id='word_1_297' title='bbox 1097 4131 1202 4192; x_wconf 87' lang='lat' dir='ltr'>deesse</span> <span class='ocrx_word' id='word_1_298' title='bbox 1229 4132 1302 4196; x_wconf 93' lang='lat' dir='ltr'>dicit</span> 
     </span>
     <span class='ocr_line' id='line_1_35' title="bbox 221 4230 1301 4312; baseline 0.006 -21"><span class='ocrx_word' id='word_1_299' title='bbox 221 4250 284 4293; x_wconf 84' lang='lat' dir='ltr'>voc.</span> <span class='ocrx_word' id='word_1_300' title='bbox 317 4230 455 4311; x_wconf 74' lang='lat' dir='ltr'>placitam,</span> <span class='ocrx_word' id='word_1_301' title='bbox 487 4235 519 4292; x_wconf 89' lang='lat' dir='ltr'>et</span> <span class='ocrx_word' id='word_1_302' title='bbox 537 4232 680 4309; x_wconf 87' lang='lat' dir='ltr'>exemplis</span> <span class='ocrx_word' id='word_1_303' title='bbox 701 4230 795 4310; x_wconf 91' lang='lat' dir='ltr'>docet,</span> <span class='ocrx_word' id='word_1_304' title='bbox 817 4231 939 4291; x_wconf 86' lang='lat' dir='ltr'>alterius</span> <span class='ocrx_word' id='word_1_305' title='bbox 960 4231 1187 4310; x_wconf 87' lang='lat' dir='ltr'>comparationis</span> <span class='ocrx_word' id='word_1_306' title='bbox 1207 4237 1301 4312; x_wconf 85' lang='lat' dir='ltr'>partis</span> 
     </span>
    </p>
   </div>
   <div class='ocr_carea' id='block_1_8' title="bbox 133 4335 1235 4414">
    <p class='ocr_par' dir='ltr' id='par_1_8' title="bbox 133 4335 1235 4414">
     <span class='ocr_line' id='line_1_36' title="bbox 133 4335 1235 4414; baseline 0.005 -23"><span class='ocrx_word' id='word_1_307' title='bbox 133 4382 137 4391; x_wconf 95' lang='grc'><em>.</em></span> <span class='ocrx_word' id='word_1_308' title='bbox 221 4353 327 4396; x_wconf 90' lang='lat' dir='ltr'>nomen</span> <span class='ocrx_word' id='word_1_309' title='bbox 347 4353 436 4413; x_wconf 84' lang='lat' dir='ltr'>saepe</span> <span class='ocrx_word' id='word_1_310' title='bbox 458 4335 610 4414; x_wconf 87' lang='lat' dir='ltr'>supprimi,</span> <span class='ocrx_word' id='word_1_311' title='bbox 631 4352 722 4411; x_wconf 90' lang='lat' dir='ltr'>quum</span> <span class='ocrx_word' id='word_1_312' title='bbox 742 4353 759 4394; x_wconf 92' lang='lat' dir='ltr'>e</span> <span class='ocrx_word' id='word_1_313' title='bbox 781 4335 928 4396; x_wconf 87' lang='lat' dir='ltr'>sententia</span> <span class='ocrx_word' id='word_1_314' title='bbox 947 4337 1020 4397; x_wconf 86' lang='lat' dir='ltr'>satis</span> <span class='ocrx_word' id='word_1_315' title='bbox 1042 4335 1235 4410; x_wconf 84' lang='lat' dir='ltr'>intelligatur.</span> 
     </span>
    </p>
   </div>
   <div class='ocr_carea' id='block_1_9' title="bbox 0 0 1548 5192">
    <p class='ocr_par' dir='ltr' id='par_1_9' title="bbox 0 0 1548 5192">
     <span class='ocr_line' id='line_1_37' title="bbox 0 0 1548 5192; baseline 0 4"><span class='ocrx_word' id='word_1_316' title='bbox 0 0 1548 5192; x_wconf 95' lang='lat' dir='ltr'> </span> 
     </span>
    </p>
   </div>
  </div>
 </body>
</html>
