3086 5192
760 470 799 527 87

129 640 133 643 ’
240 639 342 686 vooenr
363 626 493 704 seclusit,
511 641 571 701 qua
589 638 689 686 carere
714 626 862 686 sententia
884 643 943 687 non
973 631 1080 706 potest,
1101 632 1133 689 et
1153 630 1217 690 sine
1238 645 1330 689 eausa

241 728 343 791 addit:
379 730 475 804 „Nam
500 746 559 788 non
585 730 622 789 de
643 729 704 789 illis
724 729 805 808 solis,
827 728 881 789 sed
901 728 938 790 do
955 731 1024 791 aliis
1045 749 1160 809 quoque
1180 731 1328 793 Catilinae

240 832 329 893 sooiis
346 832 396 893 hie
416 832 606 907 rogitandum
625 831 700 892 est.''
742 833 784 893 Ut
801 833 880 891 enim
901 831 1040 912 Catilina,
1061 835 1088 893 si
1110 853 1139 895 se
1157 835 1277 916 otendit,
1298 840 1330 895 et

240 935 285 995 illi
309 952 383 1012 quos
397 953 498 995 seeum
512 933 654 1012 eduxerit,
676 933 719 994 sio
737 934 790 993 alii
810 953 849 994 ex
866 935 930 996 suis
941 935 1113 997 civitatibus
1131 937 1218 998 eieoti
1239 941 1329 1015 atque

240 1039 273 1096 in
297 1042 397 1098 eastra
424 1037 549 1116 profesti
576 1037 715 1098 dicuntur
741 1036 894 1115 rmofropi,
921 1055 995 1115 quos
1014 1038 1142 1116 amiqua
1155 1038 1286 1099 collectos
1303 1041 1330 1100 si

240 1141 336 1200 eodem
369 1139 576 1217 approperaret,
608 1141 771 1200 extinctum
796 1144 885 1216 atque
902 1138 1033 1201 deletum
1054 1141 1091 1201 iri
1123 1141 1166 1201 rei
1191 1141 1328 1219 publioae

239 1247 355 1320 pestem
376 1247 548 1318 auguratur.

282 1449 379 1527 Stirps
399 1467 436 1510 oo
474 1467 569 1509 semea
584 1448 729 1508 maloram
746 1449 882 1509 omittam.
926 1449 1072 1528 „Stirpem
1099 1450 1164 1510 tolli
1187 1457 1328 1528 possset

240 1554 383 1632 extingui,
404 1571 464 1614 non
478 1559 524 1614 est
541 1553 620 1631 quod
640 1553 827 1631 dubitemus3
849 1551 981 1629 ostiumst
994 1570 1060 1612 roro
1081 1558 1107 1612 et
1124 1552 1216 1612 deleri
1234 1570 1330 1612 remae

239 1658 366 1719 moniam
393 1658 538 1718 molarem
565 1676 584 1717 a
611 1659 693 1719 nullo
720 1674 850 1735 unquam
876 1656 956 1718 fiet.”
977 1658 1014 1717 R.
1035 1690 1075 1701 -
1095 1659 1188 1719 Reote
1205 1658 1329 1718 Boetius

238 1781 297 1823 non
329 1763 510 1840 sequendam
543 1762 656 1824 iudicat
687 1745 878 1840 seripturam¹
895 1762 1053 1823 multorum
1073 1762 1157 1822 oodd.
1184 1762 1328 1823 maloram

239 1866 399 1935 basiator
430 1867 462 1926 hi
495 1867 553 1944 ipsi
572 1866 650 1925 enim
670 1870 748 1945 sunt,
769 1867 881 1944 opinor,
903 1865 992 1942 stirps
1013 1883 1048 1925 oe
1070 1883 1164 1924 semea
1184 1866 1328 1926 malorum

238 1972 377 2030 omnium.
420 1972 485 2031 Neo
505 1970 646 2029 maiorem
677 1969 797 2045 quidem
821 1970 853 2028 in
869 1969 917 2028 his
937 1969 1129 2046 hyperbolem
1146 1987 1213 2031 esse
1231 1970 1327 2049 video,

131 2092 138 2105 ²
238 2094 330 2152 quem
360 2077 380 2153 ξ
415 2079 463 2135 12.
485 2076 516 2134 in
533 2075 642 2153 verbis,
661 2074 750 2133 oitom
770 2075 897 2134 omnium
917 2075 1028 2154 arturo,
1050 2076 1140 2151 inque
1161 2077 1230 2136 aliis
1248 2078 1328 2137 simi-

237 2178 325 2257 libus,
347 2178 502 2255 dequibus
519 2177 667 2237 diximus:
688 2181 772 2237 notat
793 2176 982 2255 enimomois,
1004 2176 1129 2237 ootasois
1141 2177 1327 2253 gooorismo·

239 2283 342 2344 loram.
384 2283 514 2358 Egregie
536 2286 636 2342 autem
668 2282 747 2342 huno
767 2283 864 2341 looum
884 2281 1028 2342 illustrari
1044 2280 1131 2341 video
1151 2282 1222 2360 illis,
1249 2300 1326 2358 quae

236 2387 376 2447 dicuntur
403 2385 452 2446 Or.
481 2385 547 2446 Cat
578 2385 618 2463 ΙΙ,
649 2387 696 2464 10,
724 2386 781 2444 23:
814 2385 868 2458 ,In
889 2383 936 2443 his
957 2384 1096 2459 gregibus
1124 2401 1226 2444 omnes
1245 2384 1325 2444 alea·

235 2494 323 2570 tores,
355 2507 457 2550 omnes
487 2464 625 2567 adulteri,
656 2505 757 2548 omnes
784 2488 892 2565 impuri
923 2492 971 2549 eet
996 2521 1037 2533 —
1068 2486 1120 2565 qui
1129 2488 1189 2548 nisi
1206 2493 1326 2567 exeunt,

235 2594 295 2656 nisi
315 2598 450 2672 peremat,
472 2593 589 2654 etiamsi
606 2591 738 2654 Catilina
754 2590 884 2669 perierit,
907 2591 1011 2652 soitote
1028 2590 1084 2652 hoo
1104 2592 1136 2650 in
1156 2608 1188 2650 re
1205 2591 1325 2667 publiea

237 2697 426 2758 seminariam
454 2696 649 2757 Catilinannn
663 2694 823 2757 futtuum.”

579 2953 817 3019 CAPUT
865 2954 964 3018 XIII.

172 3341 176 3348 ·
276 3313 439 3391 Postquam
456 3313 550 3373 multa
570 3312 712 3374 disseruit
732 3312 770 3373 de
788 3313 898 3374 eximia
917 3311 1067 3373 Cioeronis
1084 3316 1148 3376 arte
1162 3312 1322 3391 inperora·

234 3417 366 3479 tionibus
390 3416 588 3497 conficiendis,
619 3422 821 3496 quantumque
845 3418 877 3476 in
903 3416 960 3479 hoo
986 3434 1095 3493 genere
1123 3435 1195 3496 prae
1215 3421 1322 3481 oeteris

235 3522 400 3583 oratoribus
427 3523 536 3600 valeat,
567 3521 789 3600 demonstravit,
809 3520 884 3582 haeo
904 3520 977 3583 dieit
993 3520 1174 3581 Rinkesius:
1198 3523 1321 3600 „quodsi

233 3625 337 3688 Cioero
367 3644 473 3687 revera
497 3626 575 3686 hane
605 3627 768 3686 orationem
798 3624 962 3703 habuisset,
989 3629 1057 3701 post
1084 3623 1265 3685 oelomtstros
1280 3633 1323 3688 et

235 3728 367 3807 torrites,
397 3728 505 3806 quibus
534 3727 611 3788 haee
642 3727 908 3788 declamatiuncula
928 3727 1037 3787 referta
1054 3731 1109 3807 est,
1130 3729 1220 3788 aliam
1237 3748 1321 3807 pero·

233 3832 378 3896 rationem
409 3834 436 3893 is
466 3832 600 3912 dixisset,
621 3833 672 3911 qui
698 3837 766 3911 post
787 3833 885 3894 omnia
902 3834 1117 3911 perorationem
1137 3834 1321 3897 inflamman-

232 3941 303 4017 tem,
323 3938 570 4013 rostringuentom
590 3938 764 3999 oonoludere
791 3939 975 4017 praeceperit
995 3936 1076 4000 Orat.
1099 3942 1148 4019 34,
1170 3942 1258 4003 laad
1278 3974 1319 3989 -

231 4041 330 4117 Igitur
349 4040 441 4100 oliam
454 4040 666 4118 perorationem
685 4042 783 4103 disere
804 4041 907 4102 debuit
923 4046 1029 4103 orator.
1070 4041 1188 4103 Vellem
1204 4042 1319 4105 dosuis-

235 4149 282 4206 set
301 4139 392 4205 auk.
425 4144 557 4223 quolam
580 4161 650 4205 uam
681 4143 769 4205 aliter
789 4144 937 4220 agendum
957 4144 1050 4205 fuisse
1070 4143 1188 4206 faoilius
1208 4151 1255 4206 est
1275 4148 1319 4207 di-

232 4267 308 4329 cere,
329 4267 427 4328 quam,
445 4267 500 4329 paro
520 4249 791 4329 meduanensem.
833 4247 894 4310 Sed
913 4250 1011 4327 ipsrun
1027 4249 1182 4310 audiamus
1202 4250 1321 4312 Cioero-

236 4371 314 4433 nem,
335 4355 386 4431 qui
407 4355 427 4413 l.
442 4355 462 4413 l.
482 4353 520 4431 (o.
540 4352 591 4430 35)
611 4354 654 4415 ita
671 4353 872 4432 prosequitur:
917 4354 999 4428 ,Has
1016 4358 1117 4432 partes
1133 4354 1321 4432 quemadmo-
