3086 5192
736 460 774 519 45

212 621 324 695 ligendi
351 621 420 697 sint,
451 620 659 680 demonstravi.
693 618 791 693 Quum
822 620 913 694 igitur
941 637 1041 678 omnes
1071 620 1151 679 cives
1169 619 1200 677 in
1218 622 1297 678 metu

212 730 312 783 essent
322 727 441 800 propter
451 723 619 801 Catilinam,
631 725 729 801 patria
740 729 839 783 autem
857 741 894 783 ex
916 723 1030 783 civibus
1041 726 1197 799 constaret,
1218 725 1298 781 reete

211 810 313 889 Cicero
327 830 460 890 Patriam
478 830 726 893 dieentemfaeit:
751 848 814 904 „me
831 834 923 890 totam
946 847 1012 890 esse
1026 831 1058 889 in
1079 834 1160 889 metu
1178 832 1297 905 propter

210 951 301 994 unum
323 933 385 993 te.''

252 1141 278 1199 si
299 1146 340 1199 art
360 1159 442 1199 nerra
459 1173 499 1184 -—
520 1142 567 1200 sia
587 1140 692 1217 falsas.
736 1141 922 1215 „Communis
943 1142 1199 1219 omniumparens,
1220 1156 1297 1215 quae

210 1242 253 1301 sie
273 1243 411 1320 loquitur,
431 1242 523 1302 habet
544 1244 622 1318 quod
638 1243 809 1302 Ciceronem
837 1245 987 1303 eonsulem
1013 1249 1140 1304 aeeuset.
1169 1244 1297 1304 Videtur

210 1348 288 1406 enim
298 1348 413 1407 nesoire
434 1352 551 1408 essetne
571 1365 676 1408 revera
693 1348 872 1408 adatilina''
884 1354 939 1409 eet.
953 1350 990 1408 R.
1012 1381 1052 1391 -—
1062 1348 1173 1409 donna
1183 1349 1239 1408 has
1251 1349 1296 1408 in·

210 1450 307 1509 auleas
318 1452 451 1524 argutias
466 1452 562 1510 loeum
579 1455 659 1509 reete
669 1455 769 1510 tuetur
787 1452 822 1510 Β.
844 1450 956 1510 Similis
967 1451 1027 1511 fere
1038 1453 1120 1511 loeus
1137 1452 1212 1511 mihi
1231 1469 1295 1511 suo-

210 1552 308 1630 ourrit,
331 1552 399 1610 Liv.
421 1553 461 1630 ΙΙ,
483 1555 511 1609 2.
532 1555 569 1611 7:
593 1553 723 1626 „amicus
741 1553 806 1631 abi3
829 1570 957 1612 exonera
975 1555 1127 1613 eivitatem
1148 1571 1222 1612 ooao
1232 1552 1294 1629 for·

210 1655 288 1714 sitan
305 1660 389 1733 meta,
411 1656 454 1714 ita
466 1673 640 1733 persuasum
659 1661 705 1716 est
725 1658 841 1735 animia,
864 1674 928 1716 oum
954 1662 1043 1731 gente
1068 1659 1234 1734 Tarquinia
1251 1676 1295 1717 re-

209 1777 299 1835 gnum
327 1760 397 1820 hine
425 1760 603 1820 abiturum.”
645 1762 714 1819 Non
741 1761 865 1836 inquirit
896 1762 1014 1839 Bruma,
1035 1779 1123 1821 verus
1141 1781 1180 1821 an
1200 1779 1296 1822 vanus

208 1866 248 1925 ait
273 1871 377 1945 metue,
405 1866 458 1925 sed
486 1867 565 1925 omni
592 1867 706 1926 ratione
734 1871 815 1927 metu
845 1867 1029 1926 liberandam
1057 1885 1123 1927 esse
1144 1869 1295 1928 civitatem

208 1974 318 2029 oenset.
359 1968 409 2029 Sic
433 1969 532 2046 patria
556 1968 586 2027 h.
614 1969 635 2027 l.
657 1987 716 2029 non
736 1969 842 2029 iudieie
863 1974 963 2046 partes
981 1971 1051 2048 agit,
1074 1971 1127 2031 sed
1142 1973 1293 2049 parentis3

208 2088 267 2130 non
283 2071 413 2131 minatur
433 2088 487 2130 nee
508 2071 599 2149 iubet,
619 2071 672 2130 sed
693 2072 826 2146 queritur
843 2076 874 2132 et
893 2071 1035 2151 hortatur,
1057 2079 1147 2149 atque
1164 2075 1293 2136 hoetan·

208 2179 270 2234 tum
291 2174 430 2251 postulat,
451 2178 485 2231 ut
506 2174 555 2232 vel
575 2174 715 2252 periculo,
736 2173 786 2232 vel
804 2173 893 2232 etiam
911 2175 1015 2234 timore
1025 2176 1174 2236 liberetur.
1196 2177 1293 2256 Saepe

209 2283 307 2339 autem
328 2279 360 2336 in
380 2278 549 2338 dilemmate
571 2280 697 2337 alterum
719 2278 789 2336 addi
810 2281 926 2337 tantum
947 2280 1031 2358 solet,
1052 2284 1086 2339 ut
1103 2280 1226 2341 alterius
1245 2281 1293 2340 vis

208 2383 391 2460 oppositione
418 2385 571 2459 augeatur,
603 2385 638 2441 ut
667 2381 697 2439 h.
719 2381 759 2440 1.:
782 2382 899 2440 etiamsi
917 2381 1010 2441 falsus
1031 2388 1110 2443 esset
1131 2383 1225 2462 timor,
1246 2388 1291 2444 ta·

208 2500 276 2542 men
297 2501 331 2543 eo
352 2483 505 2542 liberanda
526 2500 630 2542 essem:
652 2482 733 2560 quid,
755 2483 781 2541 si
798 2501 886 2542 verus
901 2483 971 2543 est?
1013 2485 1155 2545 Eiusdem
1164 2485 1227 2545 fere
1240 2505 1291 2561 ge-

206 2589 285 2648 neris
313 2589 527 2667 oppositionem
555 2587 801 2665 deprehendimus
830 2588 861 2646 in
886 2588 1063 2664 quibusdam
1088 2590 1185 2669 dietis,
1214 2609 1291 2666 quae

208 2691 239 2749 in
270 2692 415 2750 communi
442 2692 505 2750 vita
533 2692 564 2749 in
591 2707 648 2750 usu
679 2695 756 2769 sunt,
787 2709 816 2750 v.
841 2709 866 2751 e.
882 2692 978 2752 omorio
995 2710 1063 2751 oero
1084 2699 1111 2751 et
1127 2692 1209 2769 falsa
1230 2712 1289 2752 ere-

208 2793 275 2852 dere
304 2795 323 2852 i.
353 2811 378 2852 e.
412 2810 613 2869 quaeeunque,
634 2793 709 2851 nihil
730 2811 808 2852 non:
828 2811 882 2869 per
903 2794 952 2869 fos
973 2801 1001 2854 at
1020 2796 1106 2872 nefas
1126 2798 1146 2855 i.
1168 2814 1193 2856 e.
1216 2814 1287 2872 qua-

207 2916 322 2974 eunque
342 2898 456 2958 ratione
477 2897 624 2975 eomodo,
646 2898 715 2955 alia.
737 2896 772 2955 of.
803 2896 927 2957 Sallust.
949 2901 983 2958 B.
997 2900 1030 2959 0.
1052 2919 1077 2960 e.
1101 2904 1158 2959 11:
1192 2900 1288 2975 „Ava-

205 3002 275 3060 ritia
295 3034 335 3043 -
355 3018 471 3078 semper
498 2998 623 3079 infinita,
653 2998 833 3058 insatiabilis
863 3004 924 3078 est3
955 3018 1051 3077 neque
1085 3002 1168 3078 copto
1193 3020 1289 3078 neque

206 3104 306 3182 inopia
325 3105 494 3183 minuitur‚''
516 3104 567 3164 uhi
595 3103 647 3179 qui
669 3103 788 3180 culpare
809 3105 931 3183 mavult,
953 3122 1041 3179 quam
1059 3106 1216 3184 explicare,
1238 3105 1288 3166 ab·

207 3210 294 3269 surde
322 3209 381 3270 diei
402 3209 590 3271 clamaverit:
612 3206 766 3267 ooamttatn
792 3205 885 3266 minat
906 3208 1012 3287 inopia.

557 3493 791 3559 CAPUT
839 3495 935 3561 VIII.

643 3699 853 3713 ψη,

246 3831 266 3907 ξ
290 3832 336 3889 19.
358 3834 389 3888 at
410 3829 483 3889 diei.
527 3831 753 3903 „Necessarium
771 3833 862 3908 igitur
879 3832 976 3891 visum
992 3836 1038 3891 est
1059 3837 1167 3896 oratori
1184 3835 1287 3898 catili-

203 3949 260 3991 nae
288 3932 320 3990 in
345 3932 514 3991 memoriam
534 3950 672 3994 revocare
699 3935 909 4013 praecedentia
936 3953 955 3994 a
975 3937 1073 4012 patria
1094 3954 1159 3999 esee
1177 3939 1287 4001 diota.”

203 4037 239 4096 R.
261 4070 301 4079 -
321 4037 378 4095 His
395 4037 568 4114 rationibua
589 4043 623 4097 ut
639 4038 765 4118 videtur,
786 4046 936 4118 permotus
963 4041 998 4099 Β.
1024 4041 1158 4116 putidam
1186 4043 1286 4102 emble-

202 4154 250 4196 ma
267 4138 378 4198 abiieit.
400 4140 497 4213 Igitur
514 4139 671 4213 legendum
689 4143 764 4201 erit:
788 4144 888 4216 „Haeo
909 4145 936 4202 si
956 4148 1053 4203 teoum
1070 4145 1168 4221 patria
1185 4146 1286 4220 loqua-

201 4244 276 4302 tur.'’
320 4242 400 4317 Quid
431 4244 556 4305 autem?
598 4245 663 4305 Hoe
690 4246 775 4306 modo
796 4265 855 4308 non
876 4250 908 4308 in
928 4250 1097 4308 memoriam
1120 4251 1148 4309 ei
1167 4268 1286 4311 revoca-

201 4351 249 4407 tur
277 4349 316 4427 (ai
347 4356 416 4412 ante
448 4350 592 4413 dictorum
620 4355 855 4418 commemoratio
876 4353 933 4416 hoo
953 4354 1071 4417 nomine
1088 4353 1213 4417 dicenda
1233 4355 1286 4433 sit)
