3086 5192
758 475 799 531 40

289 631 360 691 noeis
389 638 535 709 exspectas
563 630 771 690 cactameiianc.
827 631 908 703 „Hoc
926 647 1019 708 aeque
1040 648 1075 689 ac
1096 629 1237 690 ieeaaianc
1258 630 1329 691 taci-

248 732 396 792 turnitatis
436 732 512 792 nihil
541 737 639 810 potest
670 730 846 806 significare.
899 733 1077 808 Excogitata
1107 733 1183 793 haec
1210 739 1279 795 sunt
1309 752 1329 793 a

243 835 360 896 rhetore
381 840 415 895 ut
433 834 538 895 bellant
558 835 653 894 ederet
672 835 914 913 oppositionem.”
935 836 971 895 R.
989 869 1029 878 —
1044 835 1160 896 Deinde
1170 836 1328 896 dicendum

244 939 337 999 firisse
350 940 499 998 oniornnc
520 939 698 999 contnneiiie
719 939 863 1000 conficite
883 939 944 999 (lic.
966 941 1045 999 Phil.
1065 941 1119 1019 xl,
1146 943 1174 1019 2,
1197 941 1229 1002 5:
1243 959 1326 1015 „cum

245 1045 412 1104 verborum*
431 1045 616 1105 contumeliis
648 1045 789 1121 optimum
817 1045 912 1103 virum
933 1045 1045 1104 incesto
1066 1062 1115 1104 ore
1136 1044 1326 1104 lacerasset.''

246 1149 288 1209 At
304 1151 459 1210 verborum
477 1149 671 1210 contumeliae
693 1149 754 1209 illic
765 1154 833 1209 suut
848 1148 1050 1208 contaceneiiasa
1071 1148 1164 1228 aeria,
1176 1149 1293 1225 quodh.
1305 1150 1325 1208 l.

244 1254 364 1313 minime
386 1259 487 1332 aptum
509 1257 601 1331 esset;
628 1271 683 1311 aaa
704 1254 782 1313 euim
802 1253 958 1330 opponitur
979 1252 1177 1332 taeitnrnitati‚
1209 1258 1242 1312 ut
1259 1271 1325 1312 aare·

245 1355 364 1414 tametio
391 1355 559 1432 pranissinco
580 1354 697 1414 indicio.
736 1356 827 1414 Falso
848 1357 940 1430 igitur
959 1361 1046 1434 putat
1073 1356 1148 1415 nocis
1169 1356 1325 1416 convenire

245 1479 310 1520 cum
336 1459 484 1520 naborem
504 1459 690 1540 contumeliis,
713 1479 802 1538 quum
828 1463 928 1538 potius
946 1479 1011 1520 oum
1033 1480 1081 1519 ore
1098 1462 1138 1522 sit
1155 1479 1324 1539 comparan-

245 1565 327 1643 dum3
357 1568 403 1624 est
435 1566 513 1624 enim
534 1565 684 1640 genitivus
725 1566 858 1644 subiect,
887 1566 970 1624 cuius
992 1566 1137 1625 obiectum
1158 1570 1204 1626 est
1229 1570 1324 1624 eanta-

244 1667 341 1747 rneiia,
372 1668 501 1743 dicitque
530 1672 639 1727 orator:
669 1676 815 1744 caspeetas
845 1667 1045 1727 contumeliam
1070 1686 1141 1748 noae,
1160 1687 1208 1726 ore
1226 1668 1325 1746 prota-

246 1772 326 1828 taen?
347 1770 443 1842 Igitur
458 1786 518 1828 non
538 1768 660 1845 perinde
681 1775 735 1846 est,
757 1770 835 1846 quod
855 1771 1094 1849 Bootiovidetur‚
1116 1776 1213 1831 utrum
1230 1771 1324 1830 aerio·

245 1889 311 1931 rane
328 1890 367 1930 au
384 1871 459 1930 noeis
476 1872 676 1930 coaetaneiiam
696 1873 787 1950 dieas,
809 1891 847 1932 ne
868 1875 1032 1935 subiectum
1046 1879 1076 1934 et
1090 1875 1236 1935 obiectum
1258 1893 1325 1936 con·

245 1975 329 2035 fundi
357 1974 522 2052 videantur,
554 1992 649 2051 neque
681 1975 777 2034 eidem
794 1977 922 2036 concedo
940 1977 1145 2036 taciturnitatis
1162 1979 1325 2052 genitivum

245 2078 429 2140 definitivum
440 2079 619 2156 esse3huius
630 2079 709 2138 euim
726 2081 863 2139 vocabuli
883 2082 971 2157 plane
993 2081 1118 2139 similem
1136 2087 1224 2158 atque
1245 2082 1326 2140 illius

247 2182 391 2241 rationem
413 2198 478 2240 esse
493 2198 531 2239 ex
549 2181 732 2257 oppositione
751 2186 883 2258 apparet.
907 2181 966 2240 Sed
983 2183 1021 2242 ab
1043 2184 1108 2260 ipso
1129 2187 1243 2243 oratore
1263 2200 1326 2244 rem

246 2287 332 2362 quasi
354 2285 496 2362 explicari
516 2285 601 2343 nobis
622 2289 711 2361 atque
732 2286 874 2344 illustrari
891 2286 1026 2347 videmus
1047 2288 1068 2363 ξ
1094 2290 1141 2346 20:
1165 2288 1254 2364 „quid
1274 2305 1325 2346 ex-

247 2394 365 2466 spectas
396 2390 601 2448 auctoritatem
631 2388 811 2467 iaqnentinrn,
833 2408 955 2466 quorum
973 2393 1154 2451 voluntatem
1176 2392 1328 2450 tacitorum

245 2491 432 2570 perspicis?⁷’
454 2491 620 2550 Admodum
631 2491 737 2551 festive
755 2494 854 2551 autem
871 2493 1033 2553 Rinkesius
1054 2493 1115 2572 (cui
1125 2495 1219 2553 multa
1229 2494 1327 2554 adhuc

246 2594 387 2653 discenda
415 2598 492 2671 sunt,
520 2599 555 2653 ut
579 2593 654 2652 bene
675 2593 780 2653 docere
806 2593 913 2672 possit)
936 2595 1142 2656 taciturnitatis
1163 2599 1325 2672 genitivum

244 2695 350 2754 obieet.
372 2712 437 2754 esse
449 2695 607 2753 contendit.
629 2695 707 2753 Nam
727 2699 761 2754 ut
781 2696 897 2775 dieitur,
919 2696 1020 2756 lrabait
1037 2700 1228 2776 qaaestionem
1239 2719 1325 2777 paca·

244 2800 312 2858 niae
329 2797 464 2874 partitione
485 2799 504 2856 i.
527 2816 552 2857 e.
574 2798 611 2857 de
632 2800 759 2876 pecnnia
775 2801 910 2880 publica3
932 2821 1037 2862 vocare
1058 2804 1187 2880 aliquem
1208 2803 1325 2863 iacincti·

246 2904 321 2963 arena
343 2902 454 2981 capitis,
476 2904 496 2960 i.
518 2921 543 2963 e.
565 2903 725 2984 decapite,
748 2906 820 2964 alia:
845 2907 906 2980 „sie
926 2908 1102 2981 gravissimo
1122 2907 1232 2964 iudicio
1252 2908 1325 2965 taci-

245 3009 397 3071 turnitatis
428 3026 585 3087 oppressus
613 3011 639 3068 is
676 3015 730 3087 est,
761 3010 812 3085 qui
840 3010 1049 3069 taciturnitatis
1077 3013 1123 3067 est
1137 3009 1325 3068 damnatus.¹'

245 3113 330 3187 Ergo
356 3112 446 3171 etiam
470 3112 572 3187 populi
602 3110 743 3168 iudicium
764 3107 931 3181 significare
951 3110 980 3168 ei
1000 3109 1118 3168 videtur
1131 3109 1269 3170 indiciam
1290 3111 1327 3170 cic

242 3217 358 3295 popolo,
380 3221 410 3275 et
431 3215 559 3274 iudicum
580 3213 736 3290 sententia,
765 3211 904 3271 scettentia
921 3213 958 3273 de
976 3213 1144 3275 iudicibus?

285 3442 424 3505 persaepe
456 3423 494 3482 aei
516 3423 630 3481 caedens
651 3423 796 3482 constitnti
817 3423 946 3498 fecerant.
967 3427 1036 3487 Non
1052 3428 1215 3504 aequiescit
1235 3430 1272 3489 R.
1293 3430 1325 3489 in

247 3531 392 3606 Madvigii
413 3528 668 3607 interpretatione:
693 3526 844 3601 „iraiaisse
864 3529 1024 3590 Catilinam
1045 3536 1195 3593 senatores
1210 3533 1325 3594 adcae-

246 3639 314 3697 dem
342 3633 514 3711 constitutas,
535 3649 595 3691 non
615 3630 793 3690 constituisse
809 3634 953 3713 tantnm‚''
974 3635 1052 3711 quod
1071 3634 1191 3694 libenter
1207 3637 1325 3717 faceret,

249 3743 274 3800 si
285 3759 387 3817 cepere
394 3745 498 3816 posset,
521 3738 590 3814 „qui
600 3736 656 3797 hoc
665 3737 752 3797 modo
772 3738 817 3796 illi
828 3742 996 3799 consulares
1014 3758 1154 3818 persaepe
1175 3745 1326 3804 constituti

249 3841 377 3916 faernnt,
390 3839 428 3896 ad
440 3839 560 3897 caedem
583 3838 722 3916 luissent3
755 3840 859 3914 quodsi
884 3860 941 3917 quo
958 3843 1044 3902 modo
1060 3843 1117 3904 hoc
1137 3845 1201 3905 fieri
1221 3848 1324 3926 possit,

248 3941 321 4001 mihi
353 3941 523 4018 explicetur,
555 3939 670 3999 fatebor
696 3940 821 4000 latinum
850 3943 943 4023 esse‚''
972 3951 1027 4005 cet.
1068 3947 1133 4021 Ego
1154 3967 1270 4027 quoque
1298 3952 1324 4010 si

248 4044 322 4104 mihi
353 4043 524 4120 explicetur,
557 4042 701 4116 quomodo
731 4043 784 4101 illa
815 4043 959 4123 dicantur,
989 4047 1084 4107 latina
1106 4067 1172 4109 esse
1192 4050 1322 4113 fatebor:

246 4146 531 4210 tantumcerteinda
546 4146 675 4225 conficis,
697 4147 817 4222 foverant
833 4153 863 4208 et
880 4167 1019 4226 persaepe
1040 4153 1068 4211 ei
1079 4153 1191 4233 obesse,
1212 4157 1244 4214 in
1264 4174 1323 4233 quo

244 4252 475 4313 consentientem
485 4249 576 4310 habet
586 4250 730 4329 Baetim,
742 4251 792 4327 qui
809 4252 935 4328 primum
945 4271 1047 4312 verum
1058 4272 1123 4315 esse
1133 4261 1219 4333 putat
1229 4276 1321 4337 saepe,

241 4357 346 4417 deinde
363 4356 469 4416 melius
487 4356 551 4414 tolli
573 4355 693 4413 iudicat.
735 4354 810 4413 Mihi
821 4356 897 4415 nihil
913 4357 1085 4418 mutandum
1096 4361 1220 4439 videtur,
1242 4362 1320 4438 quod
