<?xml version="1.0" encoding="UTF-8"?>
<!DOCTYPE html PUBLIC "-//W3C//DTD XHTML 1.0 Transitional//EN"
    "http://www.w3.org/TR/xhtml1/DTD/xhtml1-transitional.dtd">
<html xmlns="http://www.w3.org/1999/xhtml" xml:lang="en" lang="en">
 <head>
  <title>
</title>
<meta http-equiv="Content-Type" content="text/html;charset=utf-8" />
  <meta name='ocr-system' content='tesseract 3.04.00' />
  <meta name='ocr-capabilities' content='ocr_page ocr_carea ocr_par ocr_line ocrx_word'/>
</head>
<body>
  <div class='ocr_page' id='page_1' title='image "./epistolacritica00epkegoog_0095.png"; bbox 0 0 3086 5192; ppageno 0'>
   <div class='ocr_carea' id='block_1_1' title="bbox 766 439 806 498">
    <p class='ocr_par' dir='ltr' id='par_1_1' title="bbox 766 439 806 498">
     <span class='ocr_line' id='line_1_1' title="bbox 766 439 806 498; baseline 0 0"><span class='ocrx_word' id='word_1_1' title='bbox 766 439 806 498; x_wconf 83' lang='grc'><strong>86</strong></span> 
     </span>
    </p>
   </div>
   <div class='ocr_carea' id='block_1_2' title="bbox 244 594 1334 779">
    <p class='ocr_par' dir='ltr' id='par_1_2' title="bbox 244 594 1334 779">
     <span class='ocr_line' id='line_1_2' title="bbox 244 594 1334 677; baseline 0.004 -23"><span class='ocrx_word' id='word_1_2' title='bbox 244 594 264 654; x_wconf 90' lang='grc'><strong>1.</strong></span> <span class='ocrx_word' id='word_1_3' title='bbox 287 612 313 655; x_wconf 87' lang='grc'><strong>6.</strong></span> <span class='ocrx_word' id='word_1_4' title='bbox 334 596 407 673; x_wconf 90' lang='grc'><strong>6616</strong></span> <span class='ocrx_word' id='word_1_5' title='bbox 426 597 611 677; x_wconf 73' lang='lat' dir='ltr'><strong><em>retardasset,</em></strong></span> <span class='ocrx_word' id='word_1_6' title='bbox 632 596 812 658; x_wconf 76' lang='lat' dir='ltr'><strong>cohibuisset.</strong></span> <span class='ocrx_word' id='word_1_7' title='bbox 854 597 952 658; x_wconf 82' lang='lat' dir='ltr'><strong><em>Simili</em></strong></span> <span class='ocrx_word' id='word_1_8' title='bbox 972 599 1087 659; x_wconf 89' lang='lat' dir='ltr'><strong><em>ratione</em></strong></span> <span class='ocrx_word' id='word_1_9' title='bbox 1105 598 1167 658; x_wconf 78' lang='grc'><strong>161.</strong></span> <span class='ocrx_word' id='word_1_10' title='bbox 1185 597 1334 676; x_wconf 81' lang='grc'><strong>(11611666-</strong></span> 
     </span>
     <span class='ocr_line' id='line_1_3' title="bbox 245 698 1334 779; baseline 0.001 -20"><span class='ocrx_word' id='word_1_11' title='bbox 245 701 301 756; x_wconf 71' lang='lat' dir='ltr'><strong><em>teon</em></strong></span> <span class='ocrx_word' id='word_1_12' title='bbox 314 698 480 776; x_wconf 79' lang='lat' dir='ltr'><strong><em>paullisper</em></strong></span> <span class='ocrx_word' id='word_1_13' title='bbox 507 699 636 778; x_wconf 72' lang='lat' dir='ltr'><strong><em>reperiret,</em></strong></span> <span class='ocrx_word' id='word_1_14' title='bbox 666 701 777 762; x_wconf 88' lang='lat' dir='ltr'><strong><em>malum</em></strong></span> <span class='ocrx_word' id='word_1_15' title='bbox 797 701 830 760; x_wconf 94' lang='lat' dir='ltr'><strong><em>in</em></strong></span> <span class='ocrx_word' id='word_1_16' title='bbox 849 718 882 761; x_wconf 88' lang='lat' dir='ltr'><strong>re</strong></span> <span class='ocrx_word' id='word_1_17' title='bbox 901 700 1021 778; x_wconf 84' lang='lat' dir='ltr'><strong><em>publica</em></strong></span> <span class='ocrx_word' id='word_1_18' title='bbox 1041 701 1205 779; x_wconf 81' lang='lat' dir='ltr'><strong>paullisper</strong></span> <span class='ocrx_word' id='word_1_19' title='bbox 1229 699 1334 778; x_wconf 75' lang='lat' dir='ltr'><strong><em>prolal-</em></strong></span> 
     </span>
    </p>
   </div>
   <div class='ocr_carea' id='block_1_3' title="bbox 241 799 1333 1297">
    <p class='ocr_par' dir='ltr' id='par_1_3' title="bbox 241 799 1333 1297">
     <span class='ocr_line' id='line_1_4' title="bbox 244 799 1333 882; baseline 0.006 -24"><span class='ocrx_word' id='word_1_20' title='bbox 244 799 313 879; x_wconf 85' lang='lat' dir='ltr'><strong><em>lsri,</em></strong></span> <span class='ocrx_word' id='word_1_21' title='bbox 334 800 490 882; x_wconf 76' lang='lat' dir='ltr'><strong><em>retardari,</em></strong></span> <span class='ocrx_word' id='word_1_22' title='bbox 511 821 571 863; x_wconf 92' lang='lat' dir='ltr'><strong><em>nou</em></strong></span> <span class='ocrx_word' id='word_1_23' title='bbox 592 803 624 863; x_wconf 92' lang='grc'><strong>16</strong></span> <span class='ocrx_word' id='word_1_24' title='bbox 644 809 820 882; x_wconf 83' lang='lat' dir='ltr'><strong><em>perpetuum</em></strong></span> <span class='ocrx_word' id='word_1_25' title='bbox 837 803 935 863; x_wconf 82' lang='lat' dir='ltr'><strong><em>scolari</em></strong></span> <span class='ocrx_word' id='word_1_26' title='bbox 955 822 1053 882; x_wconf 87' lang='lat' dir='ltr'><strong><em>posse.</em></strong></span> <span class='ocrx_word' id='word_1_27' title='bbox 1095 802 1176 878; x_wconf 80' lang='lat' dir='ltr'><strong><em>Quid</em></strong></span> <span class='ocrx_word' id='word_1_28' title='bbox 1196 805 1275 882; x_wconf 90' lang='lat' dir='ltr'><strong><em>quod</em></strong></span> <span class='ocrx_word' id='word_1_29' title='bbox 1299 804 1333 864; x_wconf 90' lang='lat' dir='ltr'><strong><em>in</em></strong></span> 
     </span>
     <span class='ocr_line' id='line_1_5' title="bbox 242 905 1331 984; baseline 0.004 -19"><span class='ocrx_word' id='word_1_30' title='bbox 242 905 317 983; x_wconf 90' lang='lat' dir='ltr'><strong><em>ipsis</em></strong></span> <span class='ocrx_word' id='word_1_31' title='bbox 338 906 428 966; x_wconf 90' lang='lat' dir='ltr'><strong><em>etiam</em></strong></span> <span class='ocrx_word' id='word_1_32' title='bbox 445 907 555 968; x_wconf 80' lang='lat' dir='ltr'><strong><em>morbis</em></strong></span> <span class='ocrx_word' id='word_1_33' title='bbox 572 908 629 969; x_wconf 89' lang='lat' dir='ltr'><strong>hoe</strong></span> <span class='ocrx_word' id='word_1_34' title='bbox 645 909 789 970; x_wconf 86' lang='lat' dir='ltr'><strong><em>vocabulo</em></strong></span> <span class='ocrx_word' id='word_1_35' title='bbox 809 913 926 970; x_wconf 86' lang='lat' dir='ltr'><strong><em>veteres</em></strong></span> <span class='ocrx_word' id='word_1_36' title='bbox 937 909 1124 970; x_wconf 78' lang='lat' dir='ltr'><strong><em>utebantur?</em></strong></span> <span class='ocrx_word' id='word_1_37' title='bbox 1145 909 1229 970; x_wconf 88' lang='lat' dir='ltr'><strong><em>euius</em></strong></span> <span class='ocrx_word' id='word_1_38' title='bbox 1240 926 1331 984; x_wconf 85' lang='lat' dir='ltr'><strong><em>gene-</em></strong></span> 
     </span>
     <span class='ocr_line' id='line_1_6' title="bbox 241 1010 1333 1093; baseline 0.002 -23"><span class='ocrx_word' id='word_1_39' title='bbox 241 1010 284 1071; x_wconf 85' lang='lat' dir='ltr'><strong>ris</strong></span> <span class='ocrx_word' id='word_1_40' title='bbox 304 1011 441 1090; x_wconf 82' lang='lat' dir='ltr'><strong><em>exempla</em></strong></span> <span class='ocrx_word' id='word_1_41' title='bbox 457 1012 538 1091; x_wconf 89' lang='lat' dir='ltr'><strong><em>apud</em></strong></span> <span class='ocrx_word' id='word_1_42' title='bbox 559 1013 687 1092; x_wconf 80' lang='grc'><strong>061666,</strong></span> <span class='ocrx_word' id='word_1_43' title='bbox 707 1015 847 1093; x_wconf 85' lang='lat' dir='ltr'><strong>Plinium,</strong></span> <span class='ocrx_word' id='word_1_44' title='bbox 869 1015 944 1074; x_wconf 88' lang='lat' dir='ltr'><strong><em>alios</em></strong></span> <span class='ocrx_word' id='word_1_45' title='bbox 961 1015 1155 1093; x_wconf 79' lang='grc'><strong>6666666166,</strong></span> <span class='ocrx_word' id='word_1_46' title='bbox 1176 1013 1255 1075; x_wconf 88' lang='lat' dir='ltr'><strong><em>unde</em></strong></span> <span class='ocrx_word' id='word_1_47' title='bbox 1272 1030 1333 1072; x_wconf 85' lang='lat' dir='ltr'><strong>me-</strong></span> 
     </span>
     <span class='ocr_line' id='line_1_7' title="bbox 243 1113 1333 1194; baseline 0.001 -20"><span class='ocrx_word' id='word_1_48' title='bbox 243 1113 406 1175; x_wconf 77' lang='lat' dir='ltr'><strong><em>dicamenta</em></strong></span> <span class='ocrx_word' id='word_1_49' title='bbox 437 1115 626 1194; x_wconf 80' lang='lat' dir='ltr'><strong><em>reprimentia</em></strong></span> <span class='ocrx_word' id='word_1_50' title='bbox 650 1117 788 1177; x_wconf 87' lang='lat' dir='ltr'><strong><em>dicuntur</em></strong></span> <span class='ocrx_word' id='word_1_51' title='bbox 805 1116 886 1177; x_wconf 78' lang='lat' dir='ltr'><strong><em>Celsi</em></strong></span> <span class='ocrx_word' id='word_1_52' title='bbox 906 1117 960 1194; x_wconf 88' lang='lat' dir='ltr'><strong>VI,</strong></span> <span class='ocrx_word' id='word_1_53' title='bbox 982 1119 1000 1176; x_wconf 82' lang='lat'><strong>6</strong></span> <span class='ocrx_word' id='word_1_54' title='bbox 1027 1120 1059 1176; x_wconf 89' lang='lat' dir='ltr'><strong>et</strong></span> <span class='ocrx_word' id='word_1_55' title='bbox 1088 1115 1255 1176; x_wconf 78' lang='grc'><strong>161111666</strong></span> <span class='ocrx_word' id='word_1_56' title='bbox 1274 1113 1333 1176; x_wconf 86' lang='lat' dir='ltr'><strong>hoe</strong></span> 
     </span>
     <span class='ocr_line' id='line_1_8' title="bbox 243 1216 948 1297; baseline 0 -20"><span class='ocrx_word' id='word_1_57' title='bbox 243 1217 361 1278; x_wconf 86' lang='lat' dir='ltr'><strong><em>nomina</em></strong></span> <span class='ocrx_word' id='word_1_58' title='bbox 378 1217 471 1294; x_wconf 82' lang='lat' dir='ltr'><strong><em>igitur</em></strong></span> <span class='ocrx_word' id='word_1_59' title='bbox 498 1218 589 1296; x_wconf 84' lang='lat' dir='ltr'><strong><em>pestis</em></strong></span> <span class='ocrx_word' id='word_1_60' title='bbox 619 1219 678 1280; x_wconf 89' lang='lat' dir='ltr'><strong><em>diei</em></strong></span> <span class='ocrx_word' id='word_1_61' title='bbox 698 1223 796 1297; x_wconf 89' lang='lat' dir='ltr'><strong><em>potest</em></strong></span> <span class='ocrx_word' id='word_1_62' title='bbox 817 1216 948 1295; x_wconf 73' lang='lat' dir='ltr'><strong><em>reprimi.</em></strong></span> 
     </span>
    </p>
   </div>
   <div class='ocr_carea' id='block_1_4' title="bbox 236 1421 1332 4400">
    <p class='ocr_par' dir='ltr' id='par_1_4' title="bbox 236 1421 1332 4400">
     <span class='ocr_line' id='line_1_9' title="bbox 282 1421 1332 1505; baseline -0.003 -20"><span class='ocrx_word' id='word_1_63' title='bbox 282 1432 388 1486; x_wconf 85' lang='lat' dir='ltr'><strong><em>eeteros</em></strong></span> <span class='ocrx_word' id='word_1_64' title='bbox 404 1428 531 1505; x_wconf 81' lang='lat' dir='ltr'><strong><em>aadlpae</em></strong></span> <span class='ocrx_word' id='word_1_65' title='bbox 551 1425 682 1487; x_wconf 85' lang='lat' dir='ltr'><strong><em>collectos</em></strong></span> <span class='ocrx_word' id='word_1_66' title='bbox 702 1426 873 1503; x_wconf 76' lang='lat' dir='ltr'><strong><em>aaosrapos.</em></strong></span> <span class='ocrx_word' id='word_1_67' title='bbox 917 1425 1021 1500; x_wconf 87' lang='lat' dir='ltr'><strong><em>,lubet</em></strong></span> <span class='ocrx_word' id='word_1_68' title='bbox 1041 1422 1181 1483; x_wconf 80' lang='lat' dir='ltr'><strong><em>Halmius</em></strong></span> <span class='ocrx_word' id='word_1_69' title='bbox 1199 1421 1332 1483; x_wconf 79' lang='lat' dir='ltr'><strong><em>conferre</em></strong></span> 
     </span>
     <span class='ocr_line' id='line_1_10' title="bbox 241 1524 1331 1608; baseline -0.004 -20"><span class='ocrx_word' id='word_1_70' title='bbox 241 1546 295 1606; x_wconf 88' lang='lat' dir='ltr'><strong><em>pro</em></strong></span> <span class='ocrx_word' id='word_1_71' title='bbox 315 1528 401 1588; x_wconf 79' lang='lat' dir='ltr'><strong><em>Sulla</em></strong></span> <span class='ocrx_word' id='word_1_72' title='bbox 422 1532 470 1608; x_wconf 86' lang='lat'><strong>14,</strong></span> <span class='ocrx_word' id='word_1_73' title='bbox 491 1532 540 1589; x_wconf 88' lang='lat'><strong>41.</strong></span> <span class='ocrx_word' id='word_1_74' title='bbox 568 1529 740 1607; x_wconf 73' lang='lat' dir='ltr'><strong><em>patriarcali·</em></strong></span> <span class='ocrx_word' id='word_1_75' title='bbox 760 1527 935 1605; x_wconf 74' lang='lat' dir='ltr'><strong><em>aaafrapus.</em></strong></span> <span class='ocrx_word' id='word_1_76' title='bbox 976 1527 1164 1605; x_wconf 87' lang='lat' dir='ltr'><strong><em>Apponerem</em></strong></span> <span class='ocrx_word' id='word_1_77' title='bbox 1181 1527 1276 1586; x_wconf 86' lang='lat' dir='ltr'><strong><em>multa</em></strong></span> <span class='ocrx_word' id='word_1_78' title='bbox 1303 1524 1331 1584; x_wconf 88' lang='lat' dir='ltr'><strong>si</strong></span> 
     </span>
     <span class='ocr_line' id='line_1_11' title="bbox 242 1632 1330 1712; baseline -0.006 -19"><span class='ocrx_word' id='word_1_79' title='bbox 242 1650 317 1712; x_wconf 89' lang='lat' dir='ltr'><strong><em>opus</em></strong></span> <span class='ocrx_word' id='word_1_80' title='bbox 333 1633 492 1712; x_wconf 87' lang='lat' dir='ltr'><strong><em>videretur,</em></strong></span> <span class='ocrx_word' id='word_1_81' title='bbox 513 1652 551 1694; x_wconf 85' lang='lat' dir='ltr'><strong>ex</strong></span> <span class='ocrx_word' id='word_1_82' title='bbox 568 1634 676 1711; x_wconf 89' lang='lat' dir='ltr'><strong><em>quibus</em></strong></span> <span class='ocrx_word' id='word_1_83' title='bbox 692 1638 726 1694; x_wconf 92' lang='grc'><strong>61</strong></span> <span class='ocrx_word' id='word_1_84' title='bbox 744 1652 782 1694; x_wconf 82' lang='lat' dir='ltr'><strong>ex</strong></span> <span class='ocrx_word' id='word_1_85' title='bbox 800 1632 935 1710; x_wconf 85' lang='lat' dir='ltr'><strong><em>exemplo</em></strong></span> <span class='ocrx_word' id='word_1_86' title='bbox 956 1632 1048 1691; x_wconf 91' lang='lat' dir='ltr'><strong><em>allato</em></strong></span> <span class='ocrx_word' id='word_1_87' title='bbox 1069 1634 1235 1708; x_wconf 80' lang='lat' dir='ltr'><strong><em>appareret,</em></strong></span> <span class='ocrx_word' id='word_1_88' title='bbox 1255 1645 1330 1687; x_wconf 86' lang='grc'><strong>666-</strong></span> 
     </span>
     <span class='ocr_line' id='line_1_12' title="bbox 241 1731 1330 1814; baseline -0.004 -19"><span class='ocrx_word' id='word_1_89' title='bbox 241 1736 347 1814; x_wconf 76' lang='lat' dir='ltr'><strong><em>frepus</em></strong></span> <span class='ocrx_word' id='word_1_90' title='bbox 363 1742 393 1797; x_wconf 97' lang='grc'><strong>61</strong></span> <span class='ocrx_word' id='word_1_91' title='bbox 413 1736 604 1813; x_wconf 61' lang='grc'><strong>6666666166</strong></span> <span class='ocrx_word' id='word_1_92' title='bbox 622 1737 648 1796; x_wconf 90' lang='grc'><strong>61</strong></span> <span class='ocrx_word' id='word_1_93' title='bbox 675 1737 820 1797; x_wconf 85' lang='lat' dir='ltr'><strong><em>translate</em></strong></span> <span class='ocrx_word' id='word_1_94' title='bbox 839 1740 998 1813; x_wconf 87' lang='lat' dir='ltr'><strong><em>ponuntur,</em></strong></span> <span class='ocrx_word' id='word_1_95' title='bbox 1019 1734 1167 1794; x_wconf 87' lang='lat' dir='ltr'><strong><em>nounude</em></strong></span> <span class='ocrx_word' id='word_1_96' title='bbox 1183 1734 1264 1810; x_wconf 87' lang='lat' dir='ltr'><strong><em>poni,</em></strong></span> <span class='ocrx_word' id='word_1_97' title='bbox 1275 1731 1330 1791; x_wconf 89' lang='lat' dir='ltr'><strong>sed</strong></span> 
     </span>
     <span class='ocr_line' id='line_1_13' title="bbox 241 1836 1330 1914; baseline -0.003 -17"><span class='ocrx_word' id='word_1_98' title='bbox 241 1838 381 1898; x_wconf 88' lang='lat' dir='ltr'><strong><em>adiuncto</em></strong></span> <span class='ocrx_word' id='word_1_99' title='bbox 400 1839 562 1914; x_wconf 78' lang='lat' dir='ltr'><strong><em>genitivo.²&#39;</em></strong></span> <span class='ocrx_word' id='word_1_100' title='bbox 592 1840 629 1898; x_wconf 84' lang='lat' dir='ltr'><strong>R.</strong></span> <span class='ocrx_word' id='word_1_101' title='bbox 650 1839 776 1914; x_wconf 82' lang='lat' dir='ltr'>—Ego</span> <span class='ocrx_word' id='word_1_102' title='bbox 804 1838 935 1899; x_wconf 75' lang='lat' dir='ltr'><strong><em>santerre</em></strong></span> <span class='ocrx_word' id='word_1_103' title='bbox 963 1836 1040 1897; x_wconf 91' lang='lat' dir='ltr'><strong><em>hanc</em></strong></span> <span class='ocrx_word' id='word_1_104' title='bbox 1071 1838 1204 1912; x_wconf 83' lang='lat' dir='ltr'><strong><em>regulam</em></strong></span> <span class='ocrx_word' id='word_1_105' title='bbox 1220 1836 1330 1896; x_wconf 83' lang='lat' dir='ltr'><strong><em>iubeo:</em></strong></span> 
     </span>
     <span class='ocr_line' id='line_1_14' title="bbox 241 1937 1329 2019; baseline -0.001 -21"><span class='ocrx_word' id='word_1_106' title='bbox 241 1957 314 2017; x_wconf 85' lang='lat' dir='ltr'><strong><em>eam,</em></strong></span> <span class='ocrx_word' id='word_1_107' title='bbox 331 1939 642 2019; x_wconf 78' lang='grc'><strong>661666166666161,</strong></span> <span class='ocrx_word' id='word_1_108' title='bbox 662 1939 740 1999; x_wconf 81' lang='lat' dir='ltr'><strong><em>ailsll</em></strong></span> <span class='ocrx_word' id='word_1_109' title='bbox 750 1940 885 2017; x_wconf 86' lang='lat' dir='ltr'><strong><em>probare.</em></strong></span> <span class='ocrx_word' id='word_1_110' title='bbox 916 1942 1022 2017; x_wconf 88' lang='lat' dir='ltr'><strong><em>Neque</em></strong></span> <span class='ocrx_word' id='word_1_111' title='bbox 1051 1941 1130 2001; x_wconf 89' lang='lat' dir='ltr'><strong><em>enim</em></strong></span> <span class='ocrx_word' id='word_1_112' title='bbox 1145 1937 1329 2017; x_wconf 87' lang='lat' dir='ltr'><strong><em>probandum</em></strong></span> 
     </span>
     <span class='ocr_line' id='line_1_15' title="bbox 241 2042 1329 2123; baseline 0 -21"><span class='ocrx_word' id='word_1_113' title='bbox 241 2047 315 2120; x_wconf 88' lang='lat' dir='ltr'><strong><em>erat,</em></strong></span> <span class='ocrx_word' id='word_1_114' title='bbox 347 2042 482 2102; x_wconf 84' lang='lat' dir='ltr'><strong><em>adiurocto</em></strong></span> <span class='ocrx_word' id='word_1_115' title='bbox 511 2042 636 2120; x_wconf 80' lang='grc'><strong>66611166</strong></span> <span class='ocrx_word' id='word_1_116' title='bbox 658 2043 717 2104; x_wconf 88' lang='lat' dir='ltr'><strong><em>dici</em></strong></span> <span class='ocrx_word' id='word_1_117' title='bbox 742 2043 916 2123; x_wconf 74' lang='lat' dir='ltr'><strong><em>aaafrapcs,</em></strong></span> <span class='ocrx_word' id='word_1_118' title='bbox 948 2048 978 2104; x_wconf 86' lang='grc'><strong>61</strong></span> <span class='ocrx_word' id='word_1_119' title='bbox 995 2050 1074 2105; x_wconf 88' lang='lat' dir='ltr'><strong><em>recte</em></strong></span> <span class='ocrx_word' id='word_1_120' title='bbox 1095 2061 1153 2103; x_wconf 91' lang='grc'><strong>666</strong></span> <span class='ocrx_word' id='word_1_121' title='bbox 1170 2059 1243 2120; x_wconf 90' lang='lat' dir='ltr'><strong><em>opus</em></strong></span> <span class='ocrx_word' id='word_1_122' title='bbox 1260 2059 1329 2102; x_wconf 88' lang='lat' dir='ltr'><strong><em>esse</em></strong></span> 
     </span>
     <span class='ocr_line' id='line_1_16' title="bbox 241 2146 1329 2227; baseline -0.001 -21"><span class='ocrx_word' id='word_1_123' title='bbox 241 2148 300 2226; x_wconf 90' lang='lat' dir='ltr'><strong><em>ipsi</em></strong></span> <span class='ocrx_word' id='word_1_124' title='bbox 319 2148 437 2208; x_wconf 85' lang='lat' dir='ltr'><strong><em>videtur</em></strong></span> <span class='ocrx_word' id='word_1_125' title='bbox 453 2150 548 2209; x_wconf 90' lang='lat' dir='ltr'><strong><em>multa</em></strong></span> <span class='ocrx_word' id='word_1_126' title='bbox 575 2149 712 2226; x_wconf 84' lang='lat' dir='ltr'><strong><em>exempla</em></strong></span> <span class='ocrx_word' id='word_1_127' title='bbox 736 2166 892 2227; x_wconf 88' lang='lat' dir='ltr'><strong><em>apponere,</em></strong></span> <span class='ocrx_word' id='word_1_128' title='bbox 924 2150 1031 2225; x_wconf 88' lang='lat' dir='ltr'><strong><em>quibus</em></strong></span> <span class='ocrx_word' id='word_1_129' title='bbox 1057 2149 1162 2226; x_wconf 88' lang='lat' dir='ltr'><strong><em>probet</em></strong></span> <span class='ocrx_word' id='word_1_130' title='bbox 1182 2146 1262 2223; x_wconf 84' lang='lat' dir='ltr'><strong><em>quod</em></strong></span> <span class='ocrx_word' id='word_1_131' title='bbox 1282 2163 1329 2206; x_wconf 91' lang='grc'><strong>66-</strong></span> 
     </span>
     <span class='ocr_line' id='line_1_17' title="bbox 242 2252 1328 2331; baseline -0.004 -16"><span class='ocrx_word' id='word_1_132' title='bbox 242 2254 380 2331; x_wconf 86' lang='lat' dir='ltr'><strong><em>teroquin</em></strong></span> <span class='ocrx_word' id='word_1_133' title='bbox 410 2254 484 2315; x_wconf 88' lang='grc'><strong>66116</strong></span> <span class='ocrx_word' id='word_1_134' title='bbox 512 2258 614 2314; x_wconf 88' lang='grc'><strong>66166</strong></span> <span class='ocrx_word' id='word_1_135' title='bbox 632 2258 686 2316; x_wconf 88' lang='grc'><strong>661.</strong></span> <span class='ocrx_word' id='word_1_136' title='bbox 709 2252 862 2326; x_wconf 78' lang='lat' dir='ltr'>Quomodo</span> <span class='ocrx_word' id='word_1_137' title='bbox 879 2259 978 2314; x_wconf 86' lang='lat' dir='ltr'><strong><em>autem</em></strong></span> <span class='ocrx_word' id='word_1_138' title='bbox 998 2254 1069 2314; x_wconf 90' lang='lat' dir='ltr'><strong><em>hine</em></strong></span> <span class='ocrx_word' id='word_1_139' title='bbox 1088 2253 1208 2331; x_wconf 84' lang='lat' dir='ltr'><strong><em>probari</em></strong></span> <span class='ocrx_word' id='word_1_140' title='bbox 1224 2252 1328 2330; x_wconf 87' lang='lat' dir='ltr'><strong><em>possit,</em></strong></span> 
     </span>
     <span class='ocr_line' id='line_1_18' title="bbox 242 2357 1330 2437; baseline -0.003 -20"><span class='ocrx_word' id='word_1_141' title='bbox 242 2376 301 2417; x_wconf 86' lang='grc'><strong>666</strong></span> <span class='ocrx_word' id='word_1_142' title='bbox 312 2359 388 2417; x_wconf 82' lang='lat' dir='ltr'><strong><em>oete</em></strong></span> <span class='ocrx_word' id='word_1_143' title='bbox 397 2358 469 2435; x_wconf 84' lang='lat' dir='ltr'><strong><em>porci</em></strong></span> <span class='ocrx_word' id='word_1_144' title='bbox 478 2358 554 2417; x_wconf 91' lang='lat' dir='ltr'><strong><em>illud</em></strong></span> <span class='ocrx_word' id='word_1_145' title='bbox 564 2358 741 2419; x_wconf 85' lang='lat' dir='ltr'><strong><em>uocabulum</em></strong></span> <span class='ocrx_word' id='word_1_146' title='bbox 761 2377 820 2419; x_wconf 91' lang='grc'><strong>666</strong></span> <span class='ocrx_word' id='word_1_147' title='bbox 834 2360 938 2437; x_wconf 83' lang='lat' dir='ltr'><strong><em>oapi03</em></strong></span> <span class='ocrx_word' id='word_1_148' title='bbox 960 2360 1035 2419; x_wconf 89' lang='lat' dir='ltr'><strong><em>seire</em></strong></span> <span class='ocrx_word' id='word_1_149' title='bbox 1054 2359 1132 2418; x_wconf 91' lang='lat' dir='ltr'><strong><em>enim</em></strong></span> <span class='ocrx_word' id='word_1_150' title='bbox 1152 2357 1330 2417; x_wconf 87' lang='lat' dir='ltr'><strong><em>Rinkesium</em></strong></span> 
     </span>
     <span class='ocr_line' id='line_1_19' title="bbox 242 2460 1330 2539; baseline 0 -19"><span class='ocrx_word' id='word_1_151' title='bbox 242 2460 376 2539; x_wconf 84' lang='lat' dir='ltr'><strong><em>arbitror,</em></strong></span> <span class='ocrx_word' id='word_1_152' title='bbox 397 2477 434 2519; x_wconf 87' lang='lat' dir='ltr'><strong>ex</strong></span> <span class='ocrx_word' id='word_1_153' title='bbox 452 2460 665 2522; x_wconf 85' lang='lat' dir='ltr'><strong><em>affirmantibus</em></strong></span> <span class='ocrx_word' id='word_1_154' title='bbox 691 2463 862 2537; x_wconf 84' lang='lat' dir='ltr'><strong><em>negativam</em></strong></span> <span class='ocrx_word' id='word_1_155' title='bbox 889 2462 1106 2522; x_wconf 78' lang='lat' dir='ltr'><strong>conclusionem</strong></span> <span class='ocrx_word' id='word_1_156' title='bbox 1133 2461 1239 2523; x_wconf 87' lang='lat' dir='ltr'><strong><em>deduei</em></strong></span> <span class='ocrx_word' id='word_1_157' title='bbox 1269 2478 1330 2520; x_wconf 86' lang='lat' dir='ltr'><strong>non</strong></span> 
     </span>
     <span class='ocr_line' id='line_1_20' title="bbox 242 2563 1328 2642; baseline 0 -19"><span class='ocrx_word' id='word_1_158' title='bbox 242 2581 339 2642; x_wconf 90' lang='lat' dir='ltr'><strong><em>posse.</em></strong></span> <span class='ocrx_word' id='word_1_159' title='bbox 381 2564 450 2623; x_wconf 89' lang='lat' dir='ltr'><strong><em>Nisi</em></strong></span> <span class='ocrx_word' id='word_1_160' title='bbox 466 2564 542 2624; x_wconf 82' lang='lat' dir='ltr'><strong><em>forte</em></strong></span> <span class='ocrx_word' id='word_1_161' title='bbox 559 2563 638 2642; x_wconf 90' lang='lat' dir='ltr'><strong><em>inde,</em></strong></span> <span class='ocrx_word' id='word_1_162' title='bbox 659 2563 737 2640; x_wconf 85' lang='lat' dir='ltr'><strong><em>quod</em></strong></span> <span class='ocrx_word' id='word_1_163' title='bbox 751 2565 859 2624; x_wconf 88' lang='lat' dir='ltr'><strong><em>multos</em></strong></span> <span class='ocrx_word' id='word_1_164' title='bbox 880 2564 989 2625; x_wconf 89' lang='lat' dir='ltr'><strong><em>divites</em></strong></span> <span class='ocrx_word' id='word_1_165' title='bbox 1007 2582 1162 2625; x_wconf 90' lang='lat' dir='ltr'><strong><em>numerare</em></strong></span> <span class='ocrx_word' id='word_1_166' title='bbox 1180 2564 1248 2642; x_wconf 90' lang='grc'><strong>6616</strong></span> <span class='ocrx_word' id='word_1_167' title='bbox 1261 2579 1328 2641; x_wconf 90' lang='lat' dir='ltr'><strong><em>pos·</em></strong></span> 
     </span>
     <span class='ocr_line' id='line_1_21' title="bbox 243 2668 1330 2746; baseline -0.002 -18"><span class='ocrx_word' id='word_1_168' title='bbox 243 2669 291 2746; x_wconf 87' lang='lat' dir='ltr'><strong><em>sit,</em></strong></span> <span class='ocrx_word' id='word_1_169' title='bbox 323 2669 407 2745; x_wconf 86' lang='lat' dir='ltr'><strong><em>sequi</em></strong></span> <span class='ocrx_word' id='word_1_170' title='bbox 439 2669 599 2746; x_wconf 86' lang='lat' dir='ltr'><strong><em>existimat,</em></strong></span> <span class='ocrx_word' id='word_1_171' title='bbox 625 2669 740 2727; x_wconf 92' lang='lat' dir='ltr'><strong><em>nullum</em></strong></span> <span class='ocrx_word' id='word_1_172' title='bbox 767 2687 928 2746; x_wconf 85' lang='lat' dir='ltr'><strong><em>pauperem</em></strong></span> <span class='ocrx_word' id='word_1_173' title='bbox 958 2686 1035 2729; x_wconf 89' lang='grc'><strong>6666.</strong></span> <span class='ocrx_word' id='word_1_174' title='bbox 1077 2669 1137 2730; x_wconf 80' lang='lat' dir='ltr'><strong>Sed</strong></span> <span class='ocrx_word' id='word_1_175' title='bbox 1164 2669 1240 2729; x_wconf 84' lang='lat' dir='ltr'><strong><em>cade</em></strong></span> <span class='ocrx_word' id='word_1_176' title='bbox 1257 2668 1330 2746; x_wconf 80' lang='lat' dir='ltr'><strong><em>porci</em></strong></span> 
     </span>
     <span class='ocr_line' id='line_1_22' title="bbox 239 2770 1329 2850; baseline 0 -19"><span class='ocrx_word' id='word_1_177' title='bbox 239 2790 324 2850; x_wconf 86' lang='lat' dir='ltr'><strong><em>posse</em></strong></span> <span class='ocrx_word' id='word_1_178' title='bbox 344 2770 510 2848; x_wconf 75' lang='lat' dir='ltr'><strong><em>oaefrapus</em></strong></span> <span class='ocrx_word' id='word_1_179' title='bbox 530 2771 590 2830; x_wconf 86' lang='lat' dir='ltr'><strong>iam</strong></span> <span class='ocrx_word' id='word_1_180' title='bbox 608 2770 808 2832; x_wconf 85' lang='lat' dir='ltr'><strong><em>demonstrare</em></strong></span> <span class='ocrx_word' id='word_1_181' title='bbox 827 2776 950 2831; x_wconf 89' lang='grc'><strong>6666166</strong></span> <span class='ocrx_word' id='word_1_182' title='bbox 972 2776 1018 2832; x_wconf 88' lang='grc'><strong>661</strong></span> <span class='ocrx_word' id='word_1_183' title='bbox 1038 2772 1169 2850; x_wconf 87' lang='lat' dir='ltr'><strong><em>Boetius,</em></strong></span> <span class='ocrx_word' id='word_1_184' title='bbox 1187 2775 1329 2850; x_wconf 86' lang='grc'><strong>666616·</strong></span> 
     </span>
     <span class='ocr_line' id='line_1_23' title="bbox 241 2873 1329 2954; baseline -0.002 -19"><span class='ocrx_word' id='word_1_185' title='bbox 241 2893 310 2935; x_wconf 85' lang='grc'><strong>666</strong></span> <span class='ocrx_word' id='word_1_186' title='bbox 331 2875 363 2934; x_wconf 91' lang='grc'><strong>16</strong></span> <span class='ocrx_word' id='word_1_187' title='bbox 383 2873 494 2953; x_wconf 89' lang='lat' dir='ltr'><strong><em>eodem,</em></strong></span> <span class='ocrx_word' id='word_1_188' title='bbox 522 2892 581 2952; x_wconf 87' lang='lat' dir='ltr'><strong><em>quo</em></strong></span> <span class='ocrx_word' id='word_1_189' title='bbox 610 2876 772 2954; x_wconf 79' lang='lat' dir='ltr'><strong><em>Halmium,</em></strong></span> <span class='ocrx_word' id='word_1_190' title='bbox 789 2893 886 2935; x_wconf 89' lang='lat' dir='ltr'><strong><em>errore</em></strong></span> <span class='ocrx_word' id='word_1_191' title='bbox 906 2876 1019 2936; x_wconf 85' lang='lat' dir='ltr'><strong><em>versari</em></strong></span> <span class='ocrx_word' id='word_1_192' title='bbox 1040 2875 1136 2935; x_wconf 89' lang='lat' dir='ltr'><strong><em>video.</em></strong></span> <span class='ocrx_word' id='word_1_193' title='bbox 1177 2876 1236 2935; x_wconf 90' lang='lat' dir='ltr'><strong>Hie</strong></span> <span class='ocrx_word' id='word_1_194' title='bbox 1250 2875 1329 2935; x_wconf 88' lang='lat' dir='ltr'><strong><em>enim</em></strong></span> 
     </span>
     <span class='ocr_line' id='line_1_24' title="bbox 243 2976 1329 3058; baseline -0.004 -19"><span class='ocrx_word' id='word_1_195' title='bbox 243 2978 336 3058; x_wconf 87' lang='lat' dir='ltr'><strong><em>(quod</em></strong></span> <span class='ocrx_word' id='word_1_196' title='bbox 355 2978 433 3038; x_wconf 84' lang='lat' dir='ltr'><strong><em>mele</em></strong></span> <span class='ocrx_word' id='word_1_197' title='bbox 462 2978 611 3039; x_wconf 84' lang='lat' dir='ltr'><strong><em>intellexit</em></strong></span> <span class='ocrx_word' id='word_1_198' title='bbox 636 2976 687 3055; x_wconf 88' lang='lat' dir='ltr'><strong>R.)</strong></span> <span class='ocrx_word' id='word_1_199' title='bbox 708 2978 817 3039; x_wconf 86' lang='lat' dir='ltr'><strong><em>ideirco</em></strong></span> <span class='ocrx_word' id='word_1_200' title='bbox 838 2978 934 3037; x_wconf 86' lang='lat' dir='ltr'><strong><em>locum</em></strong></span> <span class='ocrx_word' id='word_1_201' title='bbox 964 2977 1044 3035; x_wconf 86' lang='lat' dir='ltr'><strong><em>laud.</em></strong></span> <span class='ocrx_word' id='word_1_202' title='bbox 1066 2977 1227 3037; x_wconf 78' lang='lat' dir='ltr'><strong><em>contulisse</em></strong></span> <span class='ocrx_word' id='word_1_203' title='bbox 1246 2977 1329 3036; x_wconf 89' lang='lat' dir='ltr'><strong><em>vide·</em></strong></span> 
     </span>
     <span class='ocr_line' id='line_1_25' title="bbox 242 3077 1329 3160; baseline -0.005 -18"><span class='ocrx_word' id='word_1_204' title='bbox 242 3087 299 3160; x_wconf 79' lang='lat' dir='ltr'><strong><em>tun,</em></strong></span> <span class='ocrx_word' id='word_1_205' title='bbox 320 3086 355 3142; x_wconf 89' lang='grc'><strong>61</strong></span> <span class='ocrx_word' id='word_1_206' title='bbox 372 3080 535 3158; x_wconf 70' lang='grc'><strong>6661611666</strong></span> <span class='ocrx_word' id='word_1_207' title='bbox 555 3080 585 3140; x_wconf 87' lang='lat' dir='ltr'><strong>h.</strong></span> <span class='ocrx_word' id='word_1_208' title='bbox 617 3081 637 3139; x_wconf 92' lang='lat' dir='ltr'><strong><em>l.</em></strong></span> <span class='ocrx_word' id='word_1_209' title='bbox 664 3080 770 3141; x_wconf 88' lang='lat' dir='ltr'><strong><em>eadem</em></strong></span> <span class='ocrx_word' id='word_1_210' title='bbox 790 3079 1005 3155; x_wconf 81' lang='lat' dir='ltr'><strong><em>significatione</em></strong></span> <span class='ocrx_word' id='word_1_211' title='bbox 1035 3077 1095 3138; x_wconf 89' lang='lat' dir='ltr'><strong><em>diei</em></strong></span> <span class='ocrx_word' id='word_1_212' title='bbox 1125 3077 1252 3156; x_wconf 83' lang='lat' dir='ltr'><strong><em>doceret,</em></strong></span> <span class='ocrx_word' id='word_1_213' title='bbox 1283 3081 1329 3137; x_wconf 88' lang='lat' dir='ltr'><strong><em>at·</em></strong></span> 
     </span>
     <span class='ocr_line' id='line_1_26' title="bbox 240 3182 1331 3264; baseline -0.003 -19"><span class='ocrx_word' id='word_1_214' title='bbox 240 3204 298 3264; x_wconf 88' lang='lat' dir='ltr'><strong>que</strong></span> <span class='ocrx_word' id='word_1_215' title='bbox 319 3186 381 3245; x_wconf 91' lang='grc'><strong>11116</strong></span> <span class='ocrx_word' id='word_1_216' title='bbox 395 3184 567 3262; x_wconf 80' lang='lat' dir='ltr'><strong><em>patrimonii</em></strong></span> <span class='ocrx_word' id='word_1_217' title='bbox 586 3183 772 3261; x_wconf 74' lang='lat' dir='ltr'><strong><em>naufrapocs:</em></strong></span> <span class='ocrx_word' id='word_1_218' title='bbox 793 3185 828 3243; x_wconf 90' lang='lat' dir='ltr'><strong>B.</strong></span> <span class='ocrx_word' id='word_1_219' title='bbox 856 3185 927 3244; x_wconf 90' lang='lat' dir='ltr'><strong><em>item</em></strong></span> <span class='ocrx_word' id='word_1_220' title='bbox 948 3202 986 3244; x_wconf 84' lang='lat' dir='ltr'><strong>ex</strong></span> <span class='ocrx_word' id='word_1_221' title='bbox 1013 3183 1073 3243; x_wconf 89' lang='lat' dir='ltr'><strong><em>alio</em></strong></span> <span class='ocrx_word' id='word_1_222' title='bbox 1093 3182 1244 3244; x_wconf 78' lang='lat' dir='ltr'><strong><em>Ciceronis</em></strong></span> <span class='ocrx_word' id='word_1_223' title='bbox 1264 3183 1331 3243; x_wconf 89' lang='lat' dir='ltr'><strong><em>loeo</em></strong></span> 
     </span>
     <span class='ocr_line' id='line_1_27' title="bbox 244 3286 1327 3365; baseline 0.002 -20"><span class='ocrx_word' id='word_1_224' title='bbox 244 3286 517 3345; x_wconf 80' lang='grc'><strong>16616666661166</strong></span> <span class='ocrx_word' id='word_1_225' title='bbox 537 3286 623 3346; x_wconf 82' lang='lat' dir='ltr'><strong><em>relos</em></strong></span> <span class='ocrx_word' id='word_1_226' title='bbox 643 3286 769 3346; x_wconf 81' lang='grc'><strong>66616166</strong></span> <span class='ocrx_word' id='word_1_227' title='bbox 790 3291 889 3355; x_wconf 77' lang='grc' dir='ltr'><em>ἁπλῶς</em></span> <span class='ocrx_word' id='word_1_228' title='bbox 906 3287 1070 3364; x_wconf 72' lang='grc'><strong>6661661666</strong></span> <span class='ocrx_word' id='word_1_229' title='bbox 1084 3287 1230 3365; x_wconf 85' lang='lat' dir='ltr'><strong><em>appellari</em></strong></span> <span class='ocrx_word' id='word_1_230' title='bbox 1239 3303 1327 3365; x_wconf 90' lang='lat' dir='ltr'><strong><em>posse</em></strong></span> 
     </span>
     <span class='ocr_line' id='line_1_28' title="bbox 242 3389 1329 3468; baseline -0.001 -17"><span class='ocrx_word' id='word_1_231' title='bbox 242 3389 382 3451; x_wconf 84' lang='lat' dir='ltr'><strong><em>ostendit.</em></strong></span> <span class='ocrx_word' id='word_1_232' title='bbox 422 3389 498 3448; x_wconf 87' lang='lat' dir='ltr'><strong><em>Mihi</em></strong></span> <span class='ocrx_word' id='word_1_233' title='bbox 524 3406 596 3448; x_wconf 83' lang='lat' dir='ltr'><strong><em>vero</em></strong></span> <span class='ocrx_word' id='word_1_234' title='bbox 621 3406 681 3448; x_wconf 91' lang='lat' dir='ltr'><strong>non</strong></span> <span class='ocrx_word' id='word_1_235' title='bbox 701 3393 763 3449; x_wconf 84' lang='lat' dir='ltr'><strong><em>tam</em></strong></span> <span class='ocrx_word' id='word_1_236' title='bbox 777 3389 957 3468; x_wconf 82' lang='lat' dir='ltr'><strong><em>patrimoroe&#39;i,</em></strong></span> <span class='ocrx_word' id='word_1_237' title='bbox 978 3409 1067 3466; x_wconf 87' lang='lat' dir='ltr'><strong><em>quam</em></strong></span> <span class='ocrx_word' id='word_1_238' title='bbox 1085 3390 1210 3468; x_wconf 83' lang='lat' dir='ltr'><strong><em>patriae,</em></strong></span> <span class='ocrx_word' id='word_1_239' title='bbox 1231 3391 1329 3451; x_wconf 91' lang='grc'><strong>61116</strong></span> 
     </span>
     <span class='ocr_line' id='line_1_29' title="bbox 242 3493 1328 3575; baseline -0.001 -17"><span class='ocrx_word' id='word_1_240' title='bbox 242 3497 348 3575; x_wconf 88' lang='lat' dir='ltr'><strong><em>dicam,</em></strong></span> <span class='ocrx_word' id='word_1_241' title='bbox 378 3514 415 3556; x_wconf 88' lang='lat' dir='ltr'><strong><em>ao</em></strong></span> <span class='ocrx_word' id='word_1_242' title='bbox 436 3494 559 3555; x_wconf 80' lang='lat' dir='ltr'><strong><em>ciuitatis</em></strong></span> <span class='ocrx_word' id='word_1_243' title='bbox 576 3493 740 3570; x_wconf 74' lang='lat' dir='ltr'><strong><em>raafrapos</em></strong></span> <span class='ocrx_word' id='word_1_244' title='bbox 752 3493 919 3568; x_wconf 85' lang='lat' dir='ltr'><strong><em>significare</em></strong></span> <span class='ocrx_word' id='word_1_245' title='bbox 940 3499 1038 3554; x_wconf 87' lang='lat' dir='ltr'><strong><em>orator</em></strong></span> <span class='ocrx_word' id='word_1_246' title='bbox 1050 3496 1177 3555; x_wconf 87' lang='lat' dir='ltr'><strong><em>videtur.</em></strong></span> <span class='ocrx_word' id='word_1_247' title='bbox 1219 3496 1328 3569; x_wconf 76' lang='lat' dir='ltr'><strong><em>Quem-</em></strong></span> 
     </span>
     <span class='ocr_line' id='line_1_30' title="bbox 241 3596 1329 3677; baseline -0.002 -16"><span class='ocrx_word' id='word_1_248' title='bbox 241 3599 399 3661; x_wconf 84' lang='lat' dir='ltr'><strong><em>admodum</em></strong></span> <span class='ocrx_word' id='word_1_249' title='bbox 424 3599 503 3659; x_wconf 90' lang='lat' dir='ltr'><strong><em>euim</em></strong></span> <span class='ocrx_word' id='word_1_250' title='bbox 531 3596 673 3657; x_wconf 80' lang='grc'><strong>6161161666</strong></span> <span class='ocrx_word' id='word_1_251' title='bbox 702 3615 770 3657; x_wconf 88' lang='grc'><strong>666</strong></span> <span class='ocrx_word' id='word_1_252' title='bbox 796 3596 865 3657; x_wconf 83' lang='lat' dir='ltr'><strong><em>aori</em></strong></span> <span class='ocrx_word' id='word_1_253' title='bbox 892 3614 982 3674; x_wconf 90' lang='lat' dir='ltr'><strong><em>saepe</em></strong></span> <span class='ocrx_word' id='word_1_254' title='bbox 999 3598 1163 3675; x_wconf 82' lang='lat' dir='ltr'><strong><em>comparari</em></strong></span> <span class='ocrx_word' id='word_1_255' title='bbox 1182 3597 1329 3677; x_wconf 81' lang='lat' dir='ltr'><strong><em>videmus3</em></strong></span> 
     </span>
     <span class='ocr_line' id='line_1_31' title="bbox 242 3700 1325 3780; baseline -0.002 -17"><span class='ocrx_word' id='word_1_256' title='bbox 242 3705 285 3764; x_wconf 91' lang='grc'><strong>616</strong></span> <span class='ocrx_word' id='word_1_257' title='bbox 302 3703 354 3780; x_wconf 91' lang='grc'><strong>661</strong></span> <span class='ocrx_word' id='word_1_258' title='bbox 382 3703 504 3762; x_wconf 87' lang='lat' dir='ltr'><strong><em>civitate</em></strong></span> <span class='ocrx_word' id='word_1_259' title='bbox 535 3701 660 3779; x_wconf 86' lang='lat' dir='ltr'><strong><em>expulsi,</em></strong></span> <span class='ocrx_word' id='word_1_260' title='bbox 691 3701 742 3760; x_wconf 89' lang='lat' dir='ltr'><strong>vel</strong></span> <span class='ocrx_word' id='word_1_261' title='bbox 762 3717 937 3778; x_wconf 91' lang='grc'><strong>666666666</strong></span> <span class='ocrx_word' id='word_1_262' title='bbox 958 3700 996 3760; x_wconf 83' lang='grc'><strong>(16</strong></span> <span class='ocrx_word' id='word_1_263' title='bbox 1013 3716 1105 3760; x_wconf 87' lang='lat' dir='ltr'><strong><em>eausa</em></strong></span> <span class='ocrx_word' id='word_1_264' title='bbox 1122 3701 1325 3761; x_wconf 71' lang='grc'><strong>6666611666-</strong></span> 
     </span>
     <span class='ocr_line' id='line_1_32' title="bbox 240 3801 1328 3882; baseline -0.003 -17"><span class='ocrx_word' id='word_1_265' title='bbox 240 3806 310 3866; x_wconf 87' lang='lat' dir='ltr'><strong><em>dere</em></strong></span> <span class='ocrx_word' id='word_1_266' title='bbox 326 3805 421 3865; x_wconf 87' lang='lat' dir='ltr'><strong><em>ooaoti</em></strong></span> <span class='ocrx_word' id='word_1_267' title='bbox 439 3804 558 3863; x_wconf 84' lang='lat' dir='ltr'><strong><em>exsules</em></strong></span> <span class='ocrx_word' id='word_1_268' title='bbox 571 3804 670 3880; x_wconf 86' lang='lat' dir='ltr'><strong><em>patria</em></strong></span> <span class='ocrx_word' id='word_1_269' title='bbox 690 3808 800 3881; x_wconf 85' lang='lat' dir='ltr'><strong><em>sareut,</em></strong></span> <span class='ocrx_word' id='word_1_270' title='bbox 821 3801 964 3879; x_wconf 72' lang='lat' dir='ltr'><strong><em>oacsrapi</em></strong></span> <span class='ocrx_word' id='word_1_271' title='bbox 981 3806 1013 3863; x_wconf 91' lang='grc'><strong>61</strong></span> <span class='ocrx_word' id='word_1_272' title='bbox 1033 3802 1093 3862; x_wconf 89' lang='lat' dir='ltr'><strong><em>diei</em></strong></span> <span class='ocrx_word' id='word_1_273' title='bbox 1113 3802 1328 3882; x_wconf 80' lang='grc'><strong>1666666661,</strong></span> 
     </span>
     <span class='ocr_line' id='line_1_33' title="bbox 241 3904 1326 3983; baseline 0.002 -15"><span class='ocrx_word' id='word_1_274' title='bbox 241 3911 272 3968; x_wconf 90' lang='grc'><strong>61</strong></span> <span class='ocrx_word' id='word_1_275' title='bbox 302 3923 373 3966; x_wconf 87' lang='lat' dir='ltr'><strong><em>vero</em></strong></span> <span class='ocrx_word' id='word_1_276' title='bbox 404 3905 494 3965; x_wconf 86' lang='lat' dir='ltr'><strong><em>etiam</em></strong></span> <span class='ocrx_word' id='word_1_277' title='bbox 519 3904 1020 3981; x_wconf 77' lang='grc' dir='ltr'><strong>66661166166.61016.16Ρ1666.</strong></span> <span class='ocrx_word' id='word_1_278' title='bbox 1042 3907 1090 3983; x_wconf 82' lang='lat'><strong>29,</strong></span> <span class='ocrx_word' id='word_1_279' title='bbox 1111 3908 1168 3965; x_wconf 82' lang='lat'><strong>43:</strong></span> <span class='ocrx_word' id='word_1_280' title='bbox 1191 3906 1241 3980; x_wconf 68' lang='lat' dir='ltr'><strong>„u</strong></span> <span class='ocrx_word' id='word_1_281' title='bbox 1262 3907 1326 3971; x_wconf 81' lang='lat' dir='ltr'><strong><em>Ma-</em></strong></span> 
     </span>
     <span class='ocr_line' id='line_1_34' title="bbox 239 4006 1326 4086; baseline 0 -17"><span class='ocrx_word' id='word_1_282' title='bbox 239 4010 311 4086; x_wconf 87' lang='lat' dir='ltr'><strong><em>rius,</em></strong></span> <span class='ocrx_word' id='word_1_283' title='bbox 343 4025 431 4085; x_wconf 83' lang='lat' dir='ltr'><strong><em>quem</em></strong></span> <span class='ocrx_word' id='word_1_284' title='bbox 461 4007 552 4066; x_wconf 89' lang='grc'><strong>116116</strong></span> <span class='ocrx_word' id='word_1_285' title='bbox 576 4011 695 4067; x_wconf 85' lang='lat' dir='ltr'><strong><em>servata</em></strong></span> <span class='ocrx_word' id='word_1_286' title='bbox 717 4006 756 4065; x_wconf 89' lang='lat' dir='ltr'><strong><em>ab</em></strong></span> <span class='ocrx_word' id='word_1_287' title='bbox 773 4006 886 4065; x_wconf 83' lang='grc'><strong>1116-</strong></span> <span class='ocrx_word' id='word_1_288' title='bbox 906 4006 1008 4067; x_wconf 81' lang='lat' dir='ltr'><strong><em>Afu&#39;ea</em></strong></span> <span class='ocrx_word' id='word_1_289' title='bbox 1025 4008 1143 4069; x_wconf 85' lang='lat' dir='ltr'><strong><em>devicta</em></strong></span> <span class='ocrx_word' id='word_1_290' title='bbox 1163 4009 1202 4068; x_wconf 93' lang='lat' dir='ltr'><strong><em>ab</em></strong></span> <span class='ocrx_word' id='word_1_291' title='bbox 1223 4010 1326 4071; x_wconf 92' lang='lat' dir='ltr'><strong><em>eodem</em></strong></span> 
     </span>
     <span class='ocr_line' id='line_1_35' title="bbox 240 4110 1324 4190; baseline 0 -17"><span class='ocrx_word' id='word_1_292' title='bbox 240 4112 395 4190; x_wconf 83' lang='grc'><strong>66661666</strong></span> <span class='ocrx_word' id='word_1_293' title='bbox 415 4116 445 4172; x_wconf 89' lang='grc'><strong>61</strong></span> <span class='ocrx_word' id='word_1_294' title='bbox 466 4110 648 4187; x_wconf 62' lang='grc'><strong>6666666661</strong></span> <span class='ocrx_word' id='word_1_295' title='bbox 664 4110 769 4170; x_wconf 86' lang='lat' dir='ltr'><strong><em>vidit.&#39;&#39;</em></strong></span> <span class='ocrx_word' id='word_1_296' title='bbox 810 4112 882 4171; x_wconf 80' lang='lat' dir='ltr'><strong><em>Tali</em></strong></span> <span class='ocrx_word' id='word_1_297' title='bbox 903 4112 995 4186; x_wconf 84' lang='lat' dir='ltr'><strong><em>igitur</em></strong></span> <span class='ocrx_word' id='word_1_298' title='bbox 1014 4114 1134 4174; x_wconf 90' lang='lat' dir='ltr'><strong><em>notione</em></strong></span> <span class='ocrx_word' id='word_1_299' title='bbox 1155 4115 1244 4174; x_wconf 88' lang='lat' dir='ltr'><strong><em>etiam</em></strong></span> <span class='ocrx_word' id='word_1_300' title='bbox 1262 4114 1292 4173; x_wconf 92' lang='lat' dir='ltr'><strong>h.</strong></span> <span class='ocrx_word' id='word_1_301' title='bbox 1304 4115 1324 4174; x_wconf 92' lang='grc'><strong>1.</strong></span> 
     </span>
     <span class='ocr_line' id='line_1_36' title="bbox 239 4213 1323 4293; baseline -0.001 -16"><span class='ocrx_word' id='word_1_302' title='bbox 239 4217 299 4277; x_wconf 87' lang='lat' dir='ltr'><strong><em>dici</em></strong></span> <span class='ocrx_word' id='word_1_303' title='bbox 331 4235 397 4277; x_wconf 90' lang='lat' dir='ltr'><strong><em>cum</em></strong></span> <span class='ocrx_word' id='word_1_304' title='bbox 429 4215 555 4274; x_wconf 85' lang='lat' dir='ltr'><strong><em>suadent</em></strong></span> <span class='ocrx_word' id='word_1_305' title='bbox 586 4215 677 4274; x_wconf 84' lang='lat' dir='ltr'><strong><em>verba</em></strong></span> <span class='ocrx_word' id='word_1_306' title='bbox 699 4213 812 4273; x_wconf 82' lang='lat' dir='ltr'><strong><em>eiecerit</em></strong></span> <span class='ocrx_word' id='word_1_307' title='bbox 840 4215 1323 4293; x_wconf 73' lang='grc'><strong>61616661116661616666-</strong></span> 
     </span>
     <span class='ocr_line' id='line_1_37' title="bbox 236 4320 1323 4400; baseline 0.004 -17"><span class='ocrx_word' id='word_1_308' title='bbox 236 4322 331 4383; x_wconf 89' lang='lat' dir='ltr'><strong><em>tentia</em></strong></span> <span class='ocrx_word' id='word_1_309' title='bbox 359 4323 492 4398; x_wconf 85' lang='lat' dir='ltr'><strong><em>apparet.</em></strong></span> <span class='ocrx_word' id='word_1_310' title='bbox 533 4320 598 4380; x_wconf 90' lang='lat' dir='ltr'><strong>Hoc</strong></span> <span class='ocrx_word' id='word_1_311' title='bbox 625 4338 685 4380; x_wconf 91' lang='lat' dir='ltr'><strong>non</strong></span> <span class='ocrx_word' id='word_1_312' title='bbox 705 4320 810 4380; x_wconf 86' lang='lat' dir='ltr'><strong><em>videns</em></strong></span> <span class='ocrx_word' id='word_1_313' title='bbox 843 4320 973 4397; x_wconf 87' lang='lat' dir='ltr'><strong><em>Boetius,</em></strong></span> <span class='ocrx_word' id='word_1_314' title='bbox 1005 4321 1164 4383; x_wconf 83' lang='lat' dir='ltr'><strong><em>Emestum</em></strong></span> <span class='ocrx_word' id='word_1_315' title='bbox 1195 4327 1323 4400; x_wconf 78' lang='grc'><strong>6666166,</strong></span> 
     </span>
    </p>
   </div>
   <div class='ocr_carea' id='block_1_5' title="bbox 0 0 1548 5192">
    <p class='ocr_par' dir='ltr' id='par_1_5' title="bbox 0 0 1548 5192">
     <span class='ocr_line' id='line_1_38' title="bbox 0 0 1548 5192; baseline 0 2"><span class='ocrx_word' id='word_1_316' title='bbox 0 0 1548 5192; x_wconf 95' lang='lat' dir='ltr'><strong> </strong></span> 
     </span>
    </p>
   </div>
  </div>
 </body>
</html>
