3086 5192
759 472 796 527 te

238 629 317 688 nisse
341 629 536 705 posteritatem
564 630 654 688 etiam
682 627 741 689 diei
769 627 806 685 de
835 626 961 704 separati
991 625 1066 685 oitoe
1088 632 1220 705 tempore,
1242 633 1272 688 et
1291 628 1322 685 ia

235 731 430 807 posteritatem
439 731 586 793 interdum
607 731 686 791 idem
707 734 819 806 notare,
837 727 915 804 quod
936 728 1135 805 inposterum.
1154 728 1200 790 (if.
1217 727 1279 788 Cia.
1290 729 1322 785 in

238 833 322 892 Verr.
352 834 409 910 111,
440 834 489 913 55,
518 835 589 893 127:
624 850 731 907 „quum
751 848 822 890 vero
842 830 966 908 perditis
982 832 1206 908 profligatisque
1223 831 1322 908 soeiis,

237 935 397 1011 vectigalia
423 938 459 997 P.
482 938 519 998 R.
548 938 609 997 sint
639 936 804 1014 deminuta;
836 952 885 994 res
908 935 1111 1016 menteris,
1132 940 1322 1013 commeatus,

236 1040 350 1119 copiae,
370 1042 452 1101 salus
473 1042 554 1101 nrbis
576 1045 665 1117 atque
686 1041 868 1101 exercituum
888 1045 1055 1100 nostrorum
1076 1042 1109 1100 io
1127 1040 1323 1119 posteritatem

237 1144 324 1204 istius
351 1143 479 1203 avaritia
509 1144 667 1204 interierit:
700 1145 806 1203 saltem
835 1142 987 1202 commoda
1013 1143 1048 1203 P.
1089 1143 1126 1203 R.
1165 1138 1321 1220 respieite'’

238 1251 294 1309 eet.
336 1247 432 1324 Epist.
461 1246 500 1306 ad
532 1246 600 1306 Div.
632 1246 673 1324 ΙΙ,
696 1245 783 1324 18,§
806 1246 838 1304 8:
862 1244 940 1319 „Sed
963 1246 989 1306 si
1009 1263 1057 1306 me
1078 1246 1192 1324 audies,
1212 1244 1322 1306 vitabis

237 1349 417 1426 inimicitias,
447 1353 478 1409 at
503 1346 681 1425 posteritatis
707 1349 769 1408 otio
800 1347 965 1407 eonsules.''
996 1347 1083 1408 Cass.
1112 1349 1146 1408 B.
1167 1347 1200 1408 (t.
1222 1349 1247 1426 1,
1269 1348 1320 1406 13:

239 1451 376 1528 „Habeat
395 1453 540 1511 rationem
557 1450 736 1527 posteritatis
756 1454 787 1509 et
806 1450 931 1527 perieuli
952 1450 1028 1510 sui.''
1050 1451 1112 1509 elii.

279 1663 339 1719 tam
368 1665 489 1718 enatare.
519 1654 605 1732 „Non
636 1662 751 1718 mature
774 1658 910 1734 pervenit
934 1656 1039 1717 Cicero
1061 1656 1100 1718 ad
1116 1676 1167 1719 aas
1188 1657 1322 1738 bonores,

239 1781 313 1840 quos
343 1780 445 1823 omnes
473 1779 550 1821 anno
578 1778 632 1821 sue
653 1762 779 1839 adeptas
801 1761 875 1822 est.''
897 1762 934 1821 R.
956 1795 996 1806 -
1017 1763 1110 1823 Immo
1130 1770 1243 1823 motare
1259 1783 1323 1843 per·

238 1868 330 1946 veuit,
361 1868 433 1944 quia
464 1866 539 1926 iusto
569 1871 702 1946 ternpore,
733 1866 754 1925 i.
783 1883 808 1926 e.
841 1883 919 1925 enno
937 1883 999 1945 suo,
1021 1867 1147 1945 adeptus
1165 1873 1224 1947 est3
1246 1870 1324 1945 quod

238 1971 415 2047 gloriantem
432 1968 646 2045 quodammodo
668 1975 728 2028 tara
747 1975 860 2028 natare
877 1968 976 2030 dicere
993 1969 1165 2030 Oieerouem
1182 1974 1261 2031 reete
1278 1988 1323 2031 es·

239 2077 336 2139 tendit
362 2077 397 2136 B.
438 2074 621 2135 Aduerbium
637 2079 760 2152 motare,
781 2074 838 2134 etsi
858 2090 917 2132 non
934 2091 1001 2135 raro
1021 2093 1075 2152 per
1096 2075 1221 2135 abusum
1241 2076 1324 2153 poni·

239 2185 288 2242 tur
317 2197 370 2258 pro
401 2179 465 2257 aito,
496 2177 635 2256 celeriter,
662 2175 836 2252 festinanter
857 2175 1021 2256 (nunquam
1041 2182 1141 2238 tamen
1155 2184 1222 2238 aote
1243 2197 1326 2239 soom

241 2285 373 2365 tempas),
403 2284 520 2362 proprie
548 2282 673 2344 eandem
705 2282 950 2357 significationem
975 2289 1085 2362 servat,
1111 2302 1199 2358 quem
1217 2283 1324 2362 adjeet.

240 2394 380 2466 mataras,
401 2392 432 2448 et
452 2387 545 2446 snbst.
566 2385 721 2446 mataritae
740 2385 850 2444 habere
869 2385 973 2463 solent,
994 2390 1085 2461 atque
1102 2387 1147 2446 ita
1162 2391 1247 2448 notat
1258 2392 1324 2447 teor-

228 2482 354 2572 ‘pestioa
384 2498 459 2571 apto,
491 2491 574 2569 iasio,
606 2509 657 2550 sao
689 2496 821 2571 irrepere,
842 2491 921 2567 quod
941 2490 1116 2553 Rinkesium
1134 2493 1269 2569 ignorare
1290 2511 1325 2555 eo

239 2601 336 2676 magis
359 2599 457 2677 miror,
489 2597 561 2672 qnia
591 2614 650 2656 uon
675 2613 692 2655 e
713 2597 777 2655 sola
798 2596 936 2655 vocabuli
957 2597 1076 2658 notione
1097 2599 1172 2659 illud
1192 2605 1323 2678 apparet,

239 2702 293 2764 sed
323 2701 413 2763 etiam
444 2704 577 2759 veterum
604 2698 677 2757 loeis
702 2698 776 2758 satis
804 2697 1000 2759 confirmatur.
1032 2699 1081 2760 Cis
1096 2719 1121 2761 e.
1147 2720 1190 2777 gr.
1212 2703 1273 2764 Oia.
1294 2703 1326 2763 in

239 2808 324 2868 Verr.
346 2806 399 2884 IV,
420 2807 470 2882 44,
492 2804 544 2863 96:
569 2803 636 2877 „Illi
657 2807 755 2881 noctu,
775 2801 856 2863 faeta
875 2822 965 2864 menn
995 2810 1169 2881 armataque
1186 2809 1324 2868 veniunt:

238 2910 317 2972 iores
344 2908 429 2969 aedis
455 2907 627 2984 effringunt3
660 2906 772 2967 aeditui
803 2907 1007 2983 custodesque„
1025 2914 1138 2967 emtore
1159 2908 1264 2988 (ttjrtip²
1288 2909 1326 2984 bip·

240 3013 321 3094 tip'tts)
342 3014 486 3076 sentiunt:
508 3012 634 3090 signum,
655 3011 734 3086 quod
755 3016 820 3071 erat
840 3015 942 3071 notum
963 3012 1111 3072 vicinitati
1128 3014 1253 3074 bueeina
1275 3015 1326 3074 da-

239 3116 307 3179 tur’'
336 3122 393 3178 eet.
434 3115 520 3175 Gaea.
541 3115 575 3173 Β.
599 3113 633 3173 C.
652 3131 676 3173 e.
701 3117 732 3173 t:
756 3131 870 3188 „neque
890 3113 1015 3174 Bibulus
1033 3114 1183 3192 impeditis
1199 3118 1328 3177 navibus

240 3220 441 3298 dispersisque
461 3216 624 3290 remigibus
645 3216 719 3275 satis
740 3220 853 3274 matare
873 3214 1027 3276 oceumit.''
1049 3217 1170 3278 Terent.
1189 3218 1325 3279 Enuueh.

241 3324 282 3401 ΙΙ,
315 3326 342 3401 1,
365 3325 397 3380 2:
421 3318 494 3393 „Pb
513 3318 630 3377 faeiem.
672 3317 726 3376 Pe.
751 3322 782 3376 at
799 3318 966 3392 diligenter.
988 3317 1044 3378 Ph.
1066 3318 1126 3379 fiet.
1144 3321 1199 3380 Pa.
1221 3325 1253 3381 at
1266 3337 1326 3381 ota-

243 3434 314 3488 tare.
336 3425 391 3485 Pb.
411 3422 491 3483 fiet.’'
512 3422 574 3482 alii.

281 3637 303 3716 ξ
326 3640 374 3697 29.
396 3652 483 3714 aanor
500 3640 572 3694 teoto
593 3630 735 3692 ardebant
755 3665 794 3676 -—
816 3638 842 3691 ta
870 3630 996 3694 irtoirtiae
1016 3634 1148 3696 iaeertdio
1167 3639 1326 3717 eorrstapra-

242 3751 347 3805 taram.
370 3742 471 3817 „Belle
484 3738 665 3802 declamator
681 3739 833 3814 coniungit
850 3739 954 3798 aretere
975 3744 1006 3800 et
1023 3743 1203 3819 ooopaprare
1219 3745 1251 3803 in
1271 3744 1328 3806 hae

242 3849 399 3922 sententia,
431 3846 556 3905 alterum
587 3844 713 3921 proprie,
735 3845 860 3903 alterum
881 3846 1025 3905 translate
1046 3864 1201 3928 usurpans,
1222 3868 1282 3926 qua
1302 3850 1328 3910 si

242 3949 350 4009 multos
378 3945 493 4023 audias,
524 3945 600 4004 nihil
622 3946 798 4024 elegantius,
829 3950 863 4006 ut
891 3946 964 4006 mihi
985 3953 1086 4010 tamen
1106 3952 1232 4030 videtur,
1253 3953 1328 4013 nihil

241 4055 339 4130 magis
361 4050 535 4127 languidum
556 4067 622 4110 esse
639 4049 767 4126 potest.''
789 4051 826 4109 R.
848 4083 889 4094 -
909 4053 1065 4114 Neminem
1094 4056 1190 4118 adhue
1217 4058 1342 4147 audivi„

242 4159 294 4236 qui
313 4158 391 4218 hane
412 4155 590 4217 seutentiam
605 4159 722 4231 praeter
750 4170 846 4214 mruees
874 4155 951 4216 alias
976 4157 1134 4234 elepaotem
1161 4161 1218 4221 sibi
1246 4162 1327 4222 vide·

242 4265 268 4322 ri
302 4262 427 4339 dicerem
459 4277 544 4319 nemo
588 4264 696 4336 antem,
728 4265 871 4346 quantum
899 4262 968 4340 seio,
1000 4270 1119 4340 praeter
1144 4266 1329 4356 Rinkesium

243 4366 320 4426 otta
341 4364 434 4439 roopis
453 4363 621 4437 toopoiaoos
652 4379 717 4422 esse
745 4363 897 4424 iudicavit.
940 4361 998 4436 aui
1020 4383 1110 4441 quum
1128 4386 1257 4449 eausam,
1279 4388 1330 4430 our
