3086 5192
726 458 765 517 83

208 619 319 698 raptis:
341 637 432 697 quare
450 621 495 680 ita
512 619 645 694 corrigit:
667 619 700 676 ia
716 635 760 677 me
782 619 816 678 ob
837 618 1014 678 seueritatem
1034 617 1221 678 redundaret.
1242 610 1294 674 vi-

207 724 262 786 des
282 731 434 787 aeternum
453 742 520 786 eum
536 726 647 786 bellum
669 742 771 802 gerere
789 743 856 786 eum
873 725 1020 786 loeutione
1041 724 1074 783 ia
1091 722 1296 802 posteritatem,

206 827 287 906 quod
315 829 438 907 impium
466 833 566 888 tamen
591 847 666 908 esse,
688 829 827 907 quoniam
845 846 904 889 non
922 846 988 889 eum
1005 828 1140 906 barbaro,
1163 826 1217 887 sed
1230 843 1297 886 oum

207 932 274 993 eive
301 939 430 1011 geratur,
458 950 549 1010 supra
573 933 756 993 ostendimus
780 931 820 991 ad
839 931 859 1010 ξ
881 933 931 992 28.
972 930 1033 991 Sed
1053 929 1212 1006 legendum
1230 945 1296 989 esse

209 1035 336 1095 inuidiae
359 1037 393 1095 ia
421 1035 625 1114 posteritatem,
646 1037 696 1095 vel
712 1035 782 1095 hino
799 1039 932 1113 apparet,
961 1033 1039 1111 quoi
1062 1033 1110 1092 his
1130 1032 1230 1093 verbis
1250 1049 1295 1091 re—

209 1139 336 1217 spondet
346 1145 444 1200 orator
455 1140 494 1198 ed
515 1158 560 1218 ea,
583 1158 659 1217 quae
678 1139 1057 1217 Respublioaloouteeratt
1081 1136 1299 1213 ,Aniaeiriiam

206 1244 385 1322 posteritatis
411 1244 542 1305 times?’'
564 1246 645 1305 Tum
662 1262 754 1305 eausa
772 1244 904 1304 invidiae
922 1245 995 1304 satis
1017 1243 1166 1303 indicatur
1192 1241 1298 1301 adinn-

208 1347 274 1426 etis,
297 1347 349 1407 iae
360 1346 515 1425 parricida
536 1347 640 1406 eioiam
659 1345 820 1424 interserto,
838 1346 858 1406 i.
880 1364 905 1406 e.
916 1363 955 1406 ne
972 1345 1044 1422 quiri
1058 1344 1189 1404 invidiae
1200 1342 1235 1402 ob
1252 1343 1296 1403 ia-

211 1451 363 1527 terfeetam
389 1448 465 1510 hama
494 1451 678 1529 parrieidam
701 1450 890 1529 redundaret,
920 1455 989 1527 post
1016 1467 1092 1526 quae
1113 1449 1298 1527 languerent,

208 1555 259 1614 vel
273 1555 373 1632 potius
388 1560 530 1615 vorarent
551 1554 643 1614 verba
662 1553 697 1613 ab
713 1553 899 1613 severitatem.
940 1554 1033 1612 Reete
1055 1552 1154 1629 igitur,
1175 1556 1209 1610 ut
1225 1550 1299 1610 mihi

209 1658 335 1737 videtur,
367 1659 399 1717 in
422 1657 471 1718 his
496 1659 595 1718 verbis
620 1658 770 1736 nequierit
793 1657 945 1736 Halmium
973 1657 1072 1716 minus
1085 1660 1165 1716 reete
1187 1655 1299 1716 delevit

209 1761 292 1841 miii,
313 1780 370 1840 quo
392 1779 448 1822 neo
464 1780 565 1823 serere
583 1762 671 1822 facile
692 1762 869 1822 sententiam
890 1779 978 1840 posse
996 1762 1143 1839 existimo,
1163 1778 1219 1821 neo
1229 1777 1297 1821 een·

208 1884 273 1926 sem
295 1864 414 1942 quidem
434 1864 531 1943 video,
552 1882 605 1926 our
625 1863 701 1924 illud
721 1865 864 1925 deleatur.
905 1865 984 1924 Nam
1006 1862 1131 1941 quodlt.
1143 1867 1298 1941 putatnon

206 1967 268 2028 oiei
297 1964 463 2027 redundare
492 1966 593 2045 atiuai,
620 1966 747 2027 fallitur:
779 1968 852 2028 dieii
875 1968 955 2027 enim
983 1967 1086 2028 Oioero
1100 1967 1139 2026 ari
1156 1964 1194 2040 Q·
1215 1967 1298 2028 Frat-

169 2075 171 2079 ’
210 2069 267 2149 ΠΙ,
299 2073 328 2148 9,
360 2074 392 2128 1:
428 2066 525 2146 ,quod
549 2068 668 2146 quidem
685 2066 795 2128 bonum
812 2069 886 2128 mihi
906 2069 1125 2146 nunoienique
1142 2069 1297 2145 redrmdat,

210 2177 245 2234 nt
264 2172 313 2232 his
333 2172 440 2232 malis'⁷
473 2177 528 2233 oet.
570 2172 663 2232 Cuius
684 2173 728 2232 rei
746 2173 803 2232 etsi
824 2187 902 2232 nuno
919 2172 981 2231 alie
995 2172 1132 2250 exempla
1148 2171 1222 2231 mihi
1239 2188 1298 2232 non

212 2279 383 2353 suppetunt,
412 2276 485 2352 quin
502 2275 629 2334 inveniri
649 2275 766 2352 possint
782 2275 882 2334 nullus
899 2273 1011 2353 dubito,
1042 2289 1133 2352 quum
1153 2279 1239 2336 tanta
1259 2263 1299 2334 sit

211 2379 290 2439 inter
311 2377 438 2437 stativam
454 2382 486 2437 et
498 2378 747 2455 praepositionem
770 2376 803 2435 ia
818 2377 1032 2455 propinquitas,
1053 2382 1087 2437 ut
1107 2395 1197 2455 saepe
1215 2377 1299 2436 nulla

209 2485 264 2540 aut
284 2498 382 2558 parva
396 2479 515 2558 quidem
535 2480 703 2540 differentia
720 2480 846 2540 alterum
866 2498 920 2558 pro
939 2480 1035 2540 altero
1050 2484 1186 2557 ponatur.
1207 2481 1298 2540 Prae

211 2589 294 2645 terea
324 2585 419 2663 ipsius
449 2584 533 2644 verbi
564 2585 650 2662 ratio,
672 2582 751 2661 quod
768 2584 940 2661 plerumque
960 2583 1110 2643 notionem
1130 2581 1297 2661 hobetpro·

210 2687 367 2765 fieiseemii,
400 2688 601 2764 effloresomdi
618 2688 698 2767 (oum
725 2705 784 2765 quo
814 2687 905 2748 verbo
926 2688 1112 2748 ooniunotum
1130 2687 1240 2763 legitur
1258 2688 1297 2748 de

210 2788 293 2851 Orat.
310 2791 335 2867 I,
368 2793 396 2867 6,
431 2788 483 2867 20)
501 2807 688 2866 nequaqnam
706 2789 805 2848 obstat
825 2790 981 2864 quominus
999 2790 1090 2849 etiam
1111 2808 1177 2849 oum
1194 2790 1295 2851 dativo

209 2894 407 2970 construatur,
440 2890 518 2967 qnod
545 2891 594 2950 hie
621 2890 685 2949 fieri
717 2890 903 2967 obsequens
924 2890 956 2948 ia
974 2892 1170 2967 posteritatem
1186 2893 1297 2954 nemini

210 2998 316 3058 mirmn
329 2997 486 3058 videbitur.

251 3203 392 3263 iuvidiam
423 3198 526 3262 virtute
552 3207 679 3279 partam.
713 3200 824 3276 ,Recte
854 3196 963 3262 dieitur
983 3200 1075 3264 latine
1095 3203 1221 3281 pieriam
1242 3200 1298 3264 sibi

209 3324 331 3385 parere;
362 3312 394 3367 at
422 3305 566 3366 invidiam
589 3323 694 3384 parere
714 3323 774 3366 non
795 3306 875 3367 item.
917 3308 1044 3366 Romani
1065 3310 1097 3368 in
1117 3326 1155 3368 ea
1170 3327 1203 3369 re
1217 3309 1295 3371 dise«

210 3412 284 3472 bant
312 3411 438 3488 compare
468 3410 620 3488 inuidiam,
651 3409 729 3488 quod
756 3411 847 3470 etiarn
875 3410 1031 3472 orhetore
1051 3416 1151 3472 nostro
1166 3414 1296 3490 positum
1329 3472 1331 3476 ,

210 3518 257 3575 eet
275 3514 295 3592 5
315 3513 384 3573 233⁷
403 3513 441 3574 R.
463 3544 503 3556 -
523 3513 566 3574 At
583 3513 645 3573 illie
665 3512 751 3572 dicit:
775 3513 820 3587 ,si
836 3511 910 3571 miii
930 3513 1058 3573 conflare
1074 3514 1294 3575 visinvidiem’'

210 3620 241 3675 et
261 3614 451 3676 vehementer
461 3614 573 3692 dubito,
596 3613 1171 3691 andioipossitsibieoasiareiaoiriiam
1183 3615 1295 3691 Quidni

210 3722 311 3778 autem
339 3718 442 3777 eodem
460 3717 524 3776 iure
541 3716 657 3776 dieatur
674 3733 778 3793 parere
799 3716 951 3795 invidiam,
983 3734 1041 3795 qno
1060 3718 1156 3778 odiam
1170 3725 1294 3797 parere?

210 3822 271 3883 Seri
288 3823 318 3882 h.
343 3823 363 3882 l.
384 3827 464 3883 reote
482 3823 601 3882 omnino
622 3822 697 3882 illud
718 3822 828 3884 dietum
846 3840 922 3901 esse,
943 3823 1038 3901 ipsius
1055 3824 1192 3886 Rinkesii
1212 3829 1295 3888 teeti·

210 3927 308 3989 monio
339 3927 513 3988 iudioamue.
554 3928 647 3988 Reote
679 3928 759 3987 enim
789 3927 848 3988 diei
879 3927 989 3988 fatetur
1015 3928 1140 4005 pieriam
1172 3931 1227 3990 sibi
1241 3949 1295 4008 pa-

210 4051 292 4092 rere:
324 4033 428 4093 Gieero
449 4036 547 4093 antem
568 4031 709 4092 iaoieiiam
729 4032 832 4091 virtute
850 4038 969 4110 partam
989 4053 1048 4094 non
1069 4036 1213 4096 invidiam
1230 4055 1297 4099 esee

210 4143 304 4219 putat,
338 4137 391 4198 sed
419 4137 553 4215 piatam.
596 4134 722 4198 Strenue
746 4137 824 4198 huno
848 4139 944 4198 locum
976 4139 1109 4200 vindieat
1135 4142 1180 4219 B,
1207 4160 1296 4218 quem

211 4244 300 4304 miror
327 4247 428 4304 temen
457 4242 488 4302 in
516 4241 575 4304 fine
596 4242 704 4302 Mureti
725 4240 764 4300 ad
785 4241 864 4303 hune
884 4244 980 4304 loonm
996 4244 1089 4304 verba
1109 4262 1165 4305 sua
1184 4244 1295 4307 faeere:

216 4364 291 4422 ,non
310 4350 422 4424 ἀμέσως
445 4347 589 4407 invidiam
607 4347 686 4424 parit
706 4346 810 4425 virtus,
833 4345 886 4407 sed
896 4347 1134 4425 virtuegloriam,
1156 4347 1299 4408 invidiam

1134 4449 1176 4507 6*
