3086 5192
777 498 816 554 82

255 671 342 714 onum
357 654 539 731 suspiciones
561 654 596 732 (8
615 652 647 731 4)
670 654 784 714 occisus
807 654 881 714 est.'’
924 655 987 714 Nec
1008 654 1162 731 probabile
1183 673 1254 716 vero
1275 673 1341 720 esse

253 757 371 818 videtur
380 757 459 834 quod
469 755 565 817 addit:
590 756 676 834 ,Ipse
693 761 791 816 orator
801 773 891 832 quum
908 756 1041 836 sentiret,
1062 756 1193 818 deseruit
1210 760 1342 822 ordinem

252 861 402 922 nominum
412 878 523 940 verum,
544 867 575 921 et
584 867 741 938 propterea
760 860 951 922 Sotnrninnm
971 862 1340 940 primolooonomiuavit.'’

252 964 398 1041 Equidem
421 965 521 1042 potius
538 964 626 1024 credo
646 969 800 1041 oratorem,
822 983 913 1042 quum
933 983 1023 1027 verus
1040 966 1120 1045 ordo,
1146 966 1341 1029 Gcnechmnm

252 1073 279 1124 et
299 1065 399 1126 Flacci
420 1075 446 1125 ct
469 1066 624 1126 Sutrcrnini
644 1068 709 1127 eius
729 1069 850 1128 omibus
872 1069 970 1129 minus
990 1071 1130 1149 placeret,
1161 1090 1180 1130 a
1207 1073 1341 1149 proximo

251 1169 440 1246 incipientem
461 1170 579 1229 inverso
601 1169 711 1248 ordine,
743 1171 822 1248 quod
842 1189 901 1230 non
922 1189 988 1231 raro
1009 1171 1073 1233 fieri
1100 1173 1245 1254 videmus,
1268 1194 1338 1237 enu-

250 1292 389 1334 merasse.
432 1274 528 1347 Quam
549 1293 619 1335 vere
637 1280 737 1336 autem
754 1276 808 1336 illa
833 1277 1035 1338 observaverit
1062 1279 1106 1355 B,
1139 1297 1192 1356 pro
1219 1280 1339 1342 diversa

250 1397 341 1439 causa
361 1379 448 1440 aliter
468 1398 558 1457 saepe
579 1379 710 1440 iudicare
731 1379 910 1457 Giocrouem,
931 1398 997 1440 cum
1015 1382 1135 1461 iucliis,
1155 1388 1218 1443 tum
1239 1384 1337 1466 inhis,

249 1483 349 1543 multis
359 1483 432 1543 locis
441 1483 560 1561 probari
570 1487 677 1561 potest.
701 1481 800 1556 Quum
811 1483 889 1542 euim
899 1482 993 1543 dicat:
1018 1483 1060 1544 Ti.
1086 1484 1337 1548 Gracchicmotns

246 1589 375 1666 perditos
384 1588 545 1648 vindicasse
568 1588 730 1666 Scipionem
748 1588 797 1667 (de
819 1586 900 1648 offic.
922 1589 946 1666 1,
968 1590 1017 1666 30,
1040 1587 1121 1668 109);
1143 1589 1193 1650 En
1214 1592 1335 1653 einsdo·

246 1692 358 1751 minoto
384 1691 545 1769 Scipionem
576 1692 608 1750 in
641 1690 801 1750 libertatem
817 1690 1038 1768 rempublicam
1056 1693 1218 1754 uindicasse
1239 1696 1335 1775 (Brut.

248 1797 297 1873 58,
318 1793 400 1873 212),
421 1795 482 1854 alia
509 1794 577 1855 aliis
594 1795 668 1854 locis
688 1795 811 1872 similia,
833 1793 912 1853 idem
928 1793 985 1854 hoo
1002 1795 1076 1856 dicit
1101 1815 1155 1873 pro
1175 1798 1286 1860 Milone
1306 1800 1335 1878 5,

248 1902 300 1958 14:
334 1898 407 1972 „ille
431 1898 505 1976 dies,
533 1916 591 1975 quo
621 1898 670 1957 Ti.
699 1895 852 1956 Gracchus
876 1901 922 1957 est
950 1914 1064 1977 caesus,
1084 1899 1136 1960 ille
1154 1917 1213 1976 quo
1230 1901 1332 1980 Gaius,

245 2001 297 2061 ille
326 2019 383 2078 quo
408 2020 490 2060 arma
518 2000 670 2061 Saturnini
698 2017 841 2078 oppressa
865 2005 942 2077 sunt,
972 2002 1091 2062 etiamsi
1112 2020 1129 2062 e
1149 2021 1182 2062 re
1203 2003 1332 2084 publiea,

244 2122 307 2165 rem
337 2105 487 2182 publicam
517 2109 618 2165 tamen
649 2102 871 2164 vulnerarunt.⁷'
913 2101 993 2176 Quid
1017 2103 1124 2163 mirmn
1150 2104 1243 2179 igitur
1263 2123 1332 2166 eum

246 2211 336 2269 etiam
360 2208 390 2268 h.
416 2210 436 2268 l.
467 2227 521 2286 pro
547 2226 580 2268 re
612 2208 672 2268 alio
696 2206 824 2284 quodam
848 2206 934 2266 modo
965 2206 1003 2265 de
1035 2207 1073 2266 iis
1095 2225 1160 2267 esse
1177 2208 1331 2269 locutum?

242 2314 404 2374 Praeterea
430 2313 533 2374 Gicero
563 2312 662 2373 verbis
683 2312 744 2371 illis
765 2309 1002 2370 cohonestarunt
1022 2327 1081 2369 non
1101 2315 1164 2371 tam
1185 2329 1272 2373 suum
1292 2314 1330 2374 de

243 2416 480 2477 intertectoribus
503 2416 645 2476 iudicium
662 2413 781 2492 profert,
803 2431 892 2491 quam
913 2414 1037 2473 aliorum
1055 2413 1092 2474 de
1114 2432 1151 2475 ea
1167 2433 1200 2476 re
1218 2417 1329 2495 opinio-

243 2540 310 2583 nem
328 2521 496 2599 famamque
520 2520 667 2598 sequitur:
688 2518 934 2597 quemadmodum
951 2519 1001 2577 Ti.
1023 2517 1190 2580 Gracchum
1203 2521 1268 2582 iure
1285 2523 1330 2582 iu-

242 2625 398 2685 terfectmn
426 2623 558 2701 Scipioni
588 2621 729 2681 Africano
755 2621 853 2680 visum
885 2638 951 2681 esse
972 2628 1115 2683 memorat
1146 2642 1200 2701 pro
1217 2625 1279 2684 Mil.
1301 2628 1330 2703 3,

243 2730 271 2803 8,
303 2726 340 2786 de
369 2725 450 2786 Orat.
468 2726 508 2803 ll,
531 2724 578 2802 25,
601 2726 669 2803 1063
711 2722 842 2783 Mucium
863 2722 1038 2784 Scaevolam
1059 2743 1150 2805 arma,
1171 2745 1248 2804 quae
1269 2729 1328 2804 pri·

241 2835 330 2890 vatus
354 2829 454 2906 Scipio
481 2828 665 2906 sumpsisset,
693 2827 742 2887 Ti.
768 2826 903 2889 Graccho
930 2828 1095 2908 interemto,
1122 2830 1195 2907 iure,
1216 2831 1328 2909 optimo

241 2938 359 3012 sumpta
379 2931 556 3011 defendisse,
576 2949 630 3009 pro
646 2931 749 2991 Plano.
768 2933 817 3009 36,
839 2933 887 2991 88.
909 2932 970 2992 alia
991 2932 1144 2993 eiusmodi.

279 3163 315 3202 nc
346 3143 415 3221 qnid
436 3141 571 3201 incidiae.
595 3139 778 3214 ,Dicendum
798 3136 904 3197 fuisset
925 3155 961 3195 ne
977 3154 1035 3215 qno
1051 3136 1171 3196 invidio.
1193 3137 1238 3198 Nc
1255 3139 1327 3216 qnid

240 3247 366 3306 irreiciioe
389 3251 469 3306 recte
494 3263 560 3305 sese
580 3243 705 3304 haberet
724 3244 755 3301 in
772 3241 961 3320 partitione.''
981 3244 1018 3302 R.
1039 3274 1080 3284 —
1100 3243 1169 3301 Non
1185 3243 1260 3303 satis
1281 3244 1325 3303 in·

239 3352 350 3430 telligo,
384 3350 455 3428 quid
486 3348 544 3408 sibi
571 3347 645 3406 velit
669 3345 744 3404 illud
775 3344 807 3402 in
822 3343 998 3422 partitionem
1020 3344 1074 3405 sed
1089 3362 1169 3424 rogo,
1190 3351 1270 3407 reete
1288 3364 1327 3407 an

239 3457 317 3516 male
347 3451 475 3514 dicatur:
496 3467 594 3509 vereor
614 3447 730 3525 nequid
750 3446 824 3505 neoti
841 3466 878 3505 ecc
898 3465 932 3507 cn
952 3467 985 3506 re
1005 3447 1078 3507 mihi
1099 3454 1260 3511 imccotnr?
1281 3451 1327 3511 Ne

237 3579 295 3640 qno
314 3559 427 3620 invidio
446 3562 509 3618 tmn
526 3555 586 3615 dici
599 3556 709 3631 posset,
731 3550 757 3609 si
777 3549 860 3608 nulla
882 3549 979 3609 adhue
998 3550 1131 3611 invidiae
1148 3553 1259 3614 mentio
1277 3571 1321 3616 es-

237 3672 283 3728 sct
306 3665 400 3743 lacta3
432 3663 485 3723 sed
515 3679 606 3740 quum
630 3674 724 3734 genus
751 3655 883 3715 invidiae
911 3654 1083 3715 iamdudum
1100 3655 1255 3718 definitum
1273 3660 1321 3737 sit

238 3771 355 3829 omnino
372 3765 599 3827 dicendrunest:
621 3780 657 3820 ne
677 3757 747 3840 qnid
767 3756 903 3817 invidiae.
923 3757 959 3818 cf.
979 3758 1069 3818 etiam
1086 3760 1121 3819 Β.

277 3972 351 4032 miti
378 3971 410 4029 in
435 3968 631 4047 posteritatem
658 3967 844 4026 rcdnndocct.
875 3964 934 4040 „At
964 3965 1078 4042 aliquid
1098 3983 1158 4025 nou
1178 3966 1323 4029 redundat

236 4075 335 4154 oticni,
356 4072 410 4134 sed
431 4072 463 4131 in
473 4068 627 4150 oiiqnem.'’
648 4071 685 4128 R.
707 4102 747 4111 —
767 4069 828 4127 Vix
845 4072 945 4130 tamen
959 4067 1057 4129 dicere
1068 4071 1177 4146 potuit:
1200 4070 1320 4148 nequid

233 4178 365 4240 invidiae
392 4175 425 4234 in
447 4192 492 4233 me
518 4174 552 4232 in
575 4171 772 4249 posteritatem
799 4171 986 4231 redundaret.
1028 4168 1109 4243 Quid
1136 4172 1250 4247 igitur?
1271 4173 1321 4234 An

234 4280 392 4342 delendum
417 4276 499 4354 milri,
521 4275 600 4353 quod
621 4277 660 4336 ab
680 4276 800 4335 Halmio
820 4280 900 4337 recte
918 4275 982 4335 fieri
1000 4275 1152 4338 contendit
1173 4277 1318 4338 Boetius?

232 4385 311 4444 Male
339 4378 588 4443 tameneuudem
606 4378 678 4440 dicit
701 4377 873 4456 ocqnicoisce
893 4378 926 4438 in
944 4377 1123 4456 seqncntibns
1143 4386 1242 4456 operte
1258 4398 1318 4441 coe-
