3086 5192
777 479 815 536 96

257 638 343 699 demo
360 654 415 696 sua
438 640 464 714 7,
487 639 513 695 7.
536 634 683 715 (quisquis
701 640 803 695 auctor
824 639 879 714 est,
900 639 978 697 certe
1001 634 1157 713 Latinus):
1181 635 1342 713 ,quodnos

256 741 294 803 de
314 741 368 803 Gn.
394 740 535 819 Pompeio
562 741 787 818 polliceremur'⁷
808 746 865 801 cet.
907 739 1030 801 Nescire
1056 741 1289 802 nostervidetur
1308 740 1343 800 de

256 843 349 904 altero
366 842 501 922 polliceri
522 842 601 903 idem
622 860 688 903 esse
717 861 752 903 ac
770 843 912 922 profiteri,
941 844 1120 922 confirmare,
1151 862 1228 922 quae
1251 844 1345 905 verba

256 967 323 1017 cum
336 949 389 1008 illo
410 947 569 1025 conjuncta
588 948 728 1022 leguntur
749 948 788 1008 ad
809 946 877 1007 Div.
899 948 936 1026 V,
958 949 987 1026 8,
1015 951 1062 1007 11.
1081 952 1112 1008 et
1132 947 1170 1008 de
1190 948 1248 1022 leg.
1270 947 1343 1023 Agr.

255 1053 297 1112 ll.
318 1051 350 1111 in
366 1050 434 1111 fine.
475 1052 568 1110 Immo
600 1048 767 1126 nnpnrondi
787 1048 936 1110 interdum
957 1050 985 1110 ei
1000 1049 1140 1110 tribuitur
1156 1048 1344 1127 significatio,

256 1156 334 1217 unde
355 1157 393 1217 de
413 1156 557 1235 portentis
579 1156 670 1215 etiam
692 1158 781 1231 atquc
798 1155 946 1213 ominibus
970 1158 1138 1232 usmpatur,
1160 1153 1197 1214 cf.
1216 1154 1298 1213 Flori
1318 1154 1345 1232 I,

257 1261 285 1337 3,
312 1261 339 1317 7.
370 1257 411 1336 II,
444 1260 470 1335 7,
503 1260 531 1316 7.
563 1257 625 1317 alii.
666 1256 747 1332 Ergo
768 1256 901 1334 polliceri
917 1258 971 1316 illa
988 1256 1100 1317 Consul
1120 1261 1245 1335 peterat,
1266 1272 1344 1332 quae

256 1363 355 1423 lutura
371 1360 574 1439 praevidebat,
595 1361 646 1421 vel
666 1361 806 1436 augurari
824 1362 930 1421 saltem
948 1378 1035 1438 quem
1053 1360 1264 1423 eventumiore
1275 1379 1341 1438 spe⁴

255 1464 350 1525 rabat
370 1465 475 1524 Bootic
496 1469 596 1524 tamen
613 1468 693 1523 recte
710 1480 829 1524 monere
850 1464 887 1525 R.
903 1463 1030 1542 videtur,
1051 1468 1082 1524 et
1102 1465 1180 1524 male
1191 1464 1265 1525 haec
1276 1483 1343 1525 cum

255 1568 501 1648 praecedentibus
533 1567 697 1648 cohaerere,
727 1573 777 1642 „et
804 1586 858 1646 per
881 1586 914 1628 se
937 1566 1006 1647 (ait)
1027 1573 1125 1629 orator
1138 1570 1272 1647 polliceri
1286 1586 1345 1629 non

255 1677 380 1752 poterat,
401 1672 533 1733 Catilina
549 1671 680 1750 profecto
701 1672 801 1731 omnia
823 1671 983 1732 manifesta
1003 1672 1094 1733 fcre.'’
1136 1673 1199 1734 Aut
1215 1692 1275 1735 non
1296 1693 1343 1734 ca·

255 1778 306 1855 pio
333 1775 407 1853 quid
430 1775 511 1835 dicat
533 1793 588 1852 per
619 1793 657 1848 se,
688 1779 740 1835 aut
768 1774 844 1834 nihil
861 1774 950 1854 dicit3
971 1793 1042 1835 nam
1059 1776 1103 1837 ita
1120 1777 1296 1855 pollicetur,
1318 1778 1344 1838 si

255 1882 327 1942 mali
357 1897 391 1941 se
419 1884 575 1940 secernant
606 1883 637 1939 et
660 1896 762 1939 omnes
789 1879 859 1938 boni
888 1879 1082 1941 consentiant.
1125 1879 1210 1953 Quae
1243 1885 1344 1941 autem

156 1984 158 1988 ’
256 1983 362 2047 deinde
377 1983 468 2044 dicit:
492 1982 617 2058 „Orator
632 1988 790 2060 postquam
807 1983 955 2061 improbos
976 1984 1080 2044 urbem
1100 1984 1266 2060 relinquere
1283 1986 1343 2045 ius·

256 2089 305 2168 sit,
335 2088 492 2167 pollicetur
522 2086 594 2164 quid
622 2085 753 2147 futurum
774 2087 815 2147 sit
835 2104 893 2146 nno
923 2085 1052 2147 Catilina
1062 2088 1201 2165 profecto,
1222 2084 1255 2147 in
1274 2088 1345 2147 nrbc

255 2191 437 2253 meantibus
452 2189 601 2269 reliquis,”
622 2207 708 2250 neme
725 2189 813 2253 facile
831 2208 932 2251 veram
943 2191 1215 2268 interpretationem
1233 2191 1344 2251 iudica·

255 2297 301 2359 bit
325 2296 481 2356 verborum
507 2293 651 2354 Catilinae
675 2293 863 2372 profectione,
885 2295 992 2372 quibus
1013 2293 1069 2354 hoc
1097 2293 1158 2354 fere
1177 2294 1345 2370 significare

257 2404 355 2460 orator
371 2398 508 2458 videtur:
529 2397 587 2457 sibi
607 2414 782 2474 persuasum
802 2413 878 2476 esse,
900 2396 926 2455 si
944 2398 1035 2457 semel
1060 2397 1160 2456 audax
1177 2398 1235 2458 iste
1258 2398 1346 2458 homo

257 2523 296 2565 ex
323 2504 395 2564 urbe
424 2501 572 2581 prefectus
600 2500 699 2580 fuerit,
737 2502 798 2562 fore
837 2506 870 2562 ut
898 2503 1027 2562 omnium
1055 2503 1196 2563 bonorum
1224 2520 1345 2563 consen-

259 2608 341 2668 sione
369 2611 401 2667 et
435 2603 632 2683 improborum
671 2604 848 2682 secessione,
889 2606 938 2664 vel
967 2610 1046 2665 certe
1074 2607 1236 2667 secretione
1262 2607 1346 2666 brevi

259 2715 322 2771 tcta
342 2726 390 2769 res
404 2706 563 2785 patefacta,
592 2707 742 2766 illustrata
759 2707 799 2766 sit
823 2710 879 2766 cet.
921 2707 1119 2785 Nequaquam
1140 2710 1232 2786 igitur
1242 2709 1347 2770 Boetio

259 2809 387 2874 concedo
414 2809 489 2869 haec
516 2807 618 2867 misere
647 2813 783 2886 cerrnptn
814 2826 889 2887 esse,
911 2828 1046 2887 quaeque
1071 2813 1102 2870 in
1130 2814 1347 2874 carumlocum

261 2917 440 2979 substituere
455 2919 578 2976 conatus
600 2914 738 2976 estnullc
760 2913 846 2975 modo
861 2914 933 2974 mihi
951 2916 1069 2993 placere
1090 2917 1193 2976 fateor.

301 3131 335 3189 in
361 3128 491 3189 nnnihns
518 3126 599 3186 bonis
631 3126 850 3187 consensionem.
894 3127 1053 3201 ,Latinum
1078 3144 1136 3187 non
1154 3131 1208 3205 est,
1229 3127 1283 3188 sed
1304 3128 1348 3188 ita

262 3235 418 3313 scripsisse
437 3232 556 3291 videtur
573 3229 682 3309 rhetor,
702 3235 737 3291 ut
753 3231 934 3309 praepositio
951 3229 985 3288 in
1001 3229 1191 3291 adhiberetur
1205 3229 1297 3291 etiam
1317 3231 1349 3289 ln

263 3339 321 3399 hac
348 3337 513 3397 sententiae
537 3339 622 3411 parte
651 3339 686 3393 ut
713 3339 759 3393 est
787 3335 819 3393 in
848 3334 984 3395 omnibus
1011 3334 1143 3411 reliquis.
1185 3334 1350 3395 Dicendum

264 3441 376 3520 fnisset,
406 3436 628 3499 consensionem
658 3435 734 3494 inter
754 3454 851 3496 omnes
869 3438 974 3497 boned'
994 3439 1033 3500 R.
1053 3471 1093 3483 -
1113 3439 1221 3499 Nonne
1241 3439 1349 3499 miran-

263 3545 334 3608 dum
355 3548 402 3605 est
418 3556 486 3602 enm
506 3536 606 3600 videre
630 3538 709 3600 hanc
730 3539 897 3599 sententiae
917 3544 1032 3617 partem
1052 3544 1230 3620 respondere
1246 3544 1350 3621 priori·

263 3652 329 3730 bus,
349 3667 408 3710 non
425 3646 527 3707 videre
549 3645 586 3705 ob
606 3644 664 3705 hoc
684 3644 783 3722 ipsum
793 3645 1042 3723 praepositionem
1051 3644 1129 3704 inter
1138 3647 1351 3709 alienissimam

264 3753 349 3817 esse?
391 3750 471 3812 Male
491 3753 590 3810 autem
610 3748 709 3824 iungit
727 3765 862 3826 praepos.
884 3764 950 3808 cum
970 3748 1113 3809 vocabulo
1131 3751 1350 3832 consensionem,

264 3875 355 3937 quum
385 3854 535 3929 iungenda
558 3854 634 3914 sint:
667 3858 778 3912 tnnmm
798 3851 863 3928 sore
879 3852 912 3911 in
933 3851 1062 3912 munibus
1084 3853 1164 3914 bonis
1184 3857 1351 3918 consensio·

264 3979 342 4039 nem,
372 3963 406 4020 ut
438 3964 549 4017 tonmns
576 3956 759 4034 dilipentinns
788 3957 822 4016 in
853 3956 1025 4037 conniibns,
1053 3962 1109 4019 cet.
1141 3958 1202 4020 Sed
1221 3965 1256 4020 ut
1283 3962 1351 4022 aliis

265 4065 338 4128 locis
358 4063 485 4138 legimus
503 4060 650 4119 consensio
669 4059 805 4120 imment
821 4061 870 4120 vel
889 4060 1025 4120 bononem
1045 4061 1172 4122 omniane
1190 4062 1351 4142 (quodlic-

265 4173 309 4232 vii
329 4169 504 4230 auctoritate
518 4169 609 4241 negat
626 4166 670 4244 Β,
692 4183 748 4242 ego
768 4163 919 4226 Ciceronis
939 4166 1061 4243 affirmo,
1082 4167 1121 4226 ad
1132 4167 1201 4227 Div.
1212 4169 1236 4246 I,
1249 4172 1276 4246 9,
1289 4167 1350 4246 13.)

267 4277 310 4336 sic
336 4274 366 4334 h.
395 4273 416 4331 l.
444 4269 692 4349 praepositionem
719 4269 852 4345 genitivo
877 4269 1033 4331 succedere
1050 4271 1196 4349 existimo,
1217 4276 1305 4347 atque
1319 4276 1353 4330 nt

268 4379 358 4441 simili
385 4377 499 4439 ratione
531 4373 656 4453 dicatur,
687 4379 801 4435 tantam
826 4373 888 4435 fore
916 4374 948 4433 in
972 4374 1114 4452 eqrtitibns
1134 4376 1282 4455 virtutem,
1303 4377 1353 4437 vel
