3086 5192
753 481 790 538 95

224 646 373 716 postremo,
396 656 455 715 qua
465 638 584 699 notione
598 638 628 696 h.
639 639 659 697 l.
672 638 838 699 adhibetur.
859 637 1028 698 Ridiculum
1040 639 1131 713 igitur
1141 643 1228 716 putat
1237 638 1312 699 haec

225 747 373 820 postremo
383 743 447 803 loco
468 742 536 802 dici.
559 740 656 815 Quam
677 740 816 802 obrem?
838 743 918 802 Num
928 741 1152 803 meliuseratiu
1166 741 1313 819 principio

225 862 263 906 ea
282 847 415 923 ponere?
436 848 529 907 Immo
549 861 620 904 voro
636 844 776 922 prudenti
797 844 920 904 consilio
937 845 976 904 ab
994 849 1111 905 oratore
1133 845 1165 904 in
1186 844 1244 904 fine
1261 860 1313 921 po·

225 952 343 1026 nuntrn,
375 966 451 1026 qnae
475 952 624 1026 postremo
650 948 714 1008 loco
742 946 869 1007 dicenda
890 952 983 1008 erant.
1025 947 1099 1023 Agit
1119 949 1199 1008 enim
1216 951 1314 1008 orator

225 1054 263 1113 de
291 1053 459 1113 secretione
479 1052 668 1112 bonorumet
688 1051 893 1130 improborum,
915 1070 988 1129 quos
1005 1053 1094 1113 certis
1112 1053 1206 1127 siguis
1223 1053 1312 1112 inter·

226 1159 308 1217 nosci
340 1175 428 1235 posse
445 1158 478 1217 in
495 1162 579 1217 tanto
593 1158 637 1217 rei
657 1158 794 1235 publicae
811 1158 944 1235 periculo
965 1158 1083 1217 omnino
1097 1174 1219 1218 necesse
1240 1162 1313 1218 erat.

225 1261 389 1336 Postquam
412 1259 467 1319 hos
492 1259 645 1319 admonuit
676 1264 710 1319 ut
733 1260 883 1338 secedant,
905 1264 938 1320 nt
955 1278 974 1319 a
992 1260 1078 1320 bonis
1099 1278 1132 1320 so
1150 1250 1313 1338 secernant,

226 1369 259 1424 nt
287 1383 325 1424 ex
350 1363 422 1424 urbe
440 1362 569 1440 denique
589 1363 752 1440 discedant,
774 1379 832 1439 quo
854 1362 993 1424 desinant
1010 1363 1096 1423 bonis
1114 1363 1252 1423 insidiari
1269 1366 1313 1422 at-

167 1512 173 1517 .
225 1486 283 1544 que
314 1468 380 1527 urbi
412 1467 536 1527 exitium
564 1484 679 1546 parare,
707 1470 856 1545 postremo
881 1467 921 1526 ad
948 1466 1078 1545 reliquos
1093 1467 1174 1527 cives
1195 1484 1228 1527 se
1246 1484 1313 1527 con-

224 1574 323 1652 vertit,
354 1573 544 1651 postulatque
572 1577 605 1632 ut
633 1589 734 1632 omnes
765 1572 851 1648 quasi
879 1572 911 1631 irr
934 1571 1030 1633 fronte
1058 1572 1233 1650 inscriptum
1263 1589 1313 1648 ge·

226 1680 302 1753 rant,
330 1675 403 1752 quid
430 1675 467 1735 de
491 1674 660 1751 republica
677 1674 817 1752 sentiant,
849 1678 882 1736 ut
908 1674 1007 1735 verbis
1037 1673 1183 1752 factisque
1214 1675 1314 1753 palam

225 1776 338 1838 faciant
369 1777 444 1838 utris
474 1775 609 1855 partibus
637 1776 697 1837 sint
726 1775 846 1838 addicti.
894 1774 980 1850 Quae
1015 1777 1184 1838 adhortatio
1204 1782 1313 1857 tamem

226 1899 317 1960 quum
340 1899 391 1941 eos
418 1880 605 1958 potissimum
633 1880 714 1940 cives
742 1884 877 1959 spectaro
908 1879 1053 1959 videatur,
1075 1881 1127 1958 qui
1144 1881 1209 1940 sive
1230 1885 1314 1943 metu

226 1983 362 2061 quodam,
394 1982 457 2043 sive
489 1981 696 2043 incredulitate
720 1982 803 2041 dubii
831 1980 929 2041 adhuc
960 1987 1054 2060 crant,
1086 1983 1158 2059 quid
1179 1989 1312 2062 agerent,

227 2093 280 2148 aut
309 2088 361 2164 qui
392 2085 594 2146 misericordia
618 2086 700 2163 moti,
726 2086 777 2145 vel
808 2085 845 2145 ob
862 2084 1095 2148 familiaritatem
1111 2089 1314 2166 propinquita-

227 2192 325 2249 temve
344 2187 493 2250 Catilinae
510 2186 639 2247 mediam
655 2186 781 2249 fortasse
791 2186 923 2263 aliquam
934 2187 1015 2247 viam
1026 2189 1142 2263 ingredi
1151 2190 1312 2269 malebant,

227 2309 265 2351 ne
283 2292 315 2351 in
335 2290 392 2352 hac
409 2291 682 2351 commemoratione
704 2290 834 2368 ipsorum
854 2290 996 2351 bonorum
1016 2292 1195 2373 mentionem
1215 2294 1314 2355 facere

227 2396 352 2474 omittat,
395 2395 550 2470 sequentia
588 2394 742 2470 adiungitr
773 2393 917 2454 Polliceor
954 2394 1032 2454 cobis
1063 2396 1116 2456 lroc
1136 2404 1188 2459 ccl.
1228 2396 1314 2473 Quae

226 2520 297 2564 vero
318 2499 424 2562 deinde
442 2500 515 2561 dicit
528 2501 565 2560 R.
585 2501 639 2560 vix
659 2517 752 2560 sanae
772 2500 881 2561 rationi
901 2502 1057 2561 convenire
1067 2502 1221 2565 videntur:
1244 2521 1312 2580 „ne-

227 2623 284 2681 que
306 2606 380 2666 adeo
400 2602 600 2665 necessarium
621 2606 694 2683 erat,
716 2604 742 2664 si
760 2603 886 2681 improbi
900 2605 1103 2684 secessissent,
1124 2611 1155 2667 et
1170 2624 1204 2667 se
1225 2607 1312 2669 abo·

226 2709 274 2768 nis
295 2709 509 2785 secrevissent3
531 2709 742 2769 multominus
763 2725 838 2786 opus
854 2708 911 2770 hoc
924 2713 989 2771 erat
1010 2709 1037 2768 si
1057 2727 1130 2769 vera
1150 2715 1221 2772 sunt
1235 2729 1313 2788 quae

226 2812 328 2889 paullo
344 2815 413 2888 post
432 2811 591 2883 leguntur:
612 2808 760 2869 Catilinae
777 2811 957 2888 profectione
981 2812 1081 2871 omnia
1099 2812 1257 2893 patefacta,
1277 2814 1313 2874 il·

227 2914 354 2976 lustrata
385 2945 425 2957 --
455 2911 546 2972 fore.'’
591 2911 624 2971 Si
649 2912 850 2973 secessissent!
869 2915 909 2973 nt
930 2914 1075 2989 quomodo
1094 2918 1232 2979 secedere
1252 2919 1313 2979 iam

226 3037 304 3079 nunc
324 3020 492 3097 potueruut,
513 3031 588 3091 qnos
609 3015 713 3074 eodem
730 3014 791 3074 fere
812 3016 954 3091 temporis
974 3021 1084 3094 puncto
1104 3018 1266 3100 admonuit,
1278 3028 1312 3083 ut

227 3122 359 3182 accedant
387 3138 470 3199 acque
501 3122 658 3196 secundat,
690 3135 748 3194 quo
776 3117 906 3195 reliquos
926 3118 1008 3179 circs
1028 3119 1171 3198 hortatur,
1191 3128 1233 3202 ut,
1254 3142 1313 3201 quo

226 3226 332 3285 melius
349 3224 418 3284 boui
440 3228 471 3284 et
495 3223 566 3282 mali
584 3221 718 3296 dignosci
738 3222 863 3301 possint,
884 3238 986 3284 omnes
1003 3223 1075 3301 quid
1096 3225 1133 3286 de
1150 3229 1314 3307 republica

226 3330 357 3391 sentiant
384 3328 471 3405 quasi
502 3327 589 3386 vultu
616 3325 776 3386 declarent.
818 3326 898 3385 Tum
921 3343 990 3386 ocra
1010 3345 1071 3386 esse
1089 3331 1234 3407 quemodo
1252 3332 1314 3395 mm

226 3450 303 3493 norro
319 3435 452 3509 possunt,
474 3447 550 3507 quae
572 3429 616 3488 sic
632 3428 750 3489 demum
772 3428 876 3504 sutoro
892 3430 1038 3508 praedicit
1058 3437 1165 3513 orator,
1187 3436 1213 3495 si
1234 3454 1312 3497 sum-

225 3554 274 3596 ma
295 3536 352 3597 erit
379 3532 509 3594 omnium
529 3532 671 3593 bonorum
703 3532 866 3609 consensio,
898 3550 986 3610 quam
1013 3532 1075 3594 fore
1100 3536 1313 3618 pollicetm,si

225 3641 427 3718 unusquisque
451 3656 523 3715 prae
551 3655 585 3698 se
615 3638 700 3715 ierat,
726 3655 785 3712 qua
813 3641 911 3698 mento
935 3655 1008 3713 erga
1031 3657 1093 3700 rem
1110 3640 1259 3719 publicam
1272 3644 1313 3705 sit

226 3742 377 3805 affectus?
400 3741 440 3802 Et
455 3742 522 3801 istis
537 3740 661 3817 ineptiis
682 3743 782 3799 tamen
799 3739 958 3801 subscribit
978 3741 1032 3800 ΒΛ

266 3952 410 4014 Polliceor
427 3984 467 3994 -
488 3950 553 4026 fore
574 3948 732 4009 lautomia
753 3949 830 4009 cobis
851 3950 1057 4012 sarlatensem.
1101 3952 1180 4029 ,Sed
1200 3957 1256 4018 hoc
1273 3959 1312 4020 ab

228 4058 294 4135 ipso
313 4059 420 4116 senatu
440 4052 599 4131 pendebat,
620 4057 654 4112 ut
668 4053 828 4112 sustineret
838 4053 1045 4114 anctoritatem
1056 4072 1140 4115 suam
1151 4057 1313 4121 -Oonsul

226 4161 301 4222 illud
311 4158 444 4239 polliceri
464 4175 524 4217 non
540 4154 686 4234 poterat.’'
707 4156 744 4215 R.
765 4189 806 4199 -
825 4156 867 4217 At
880 4155 959 4216 idem
969 4162 1069 4218 tamen
1083 4159 1122 4218 ad
1133 4159 1201 4219 Div.
1222 4163 1263 4241 Π,
1282 4167 1311 4243 6,

228 4271 275 4329 11.
296 4265 381 4327 dicit:
405 4264 468 4340 ,De
484 4263 550 4341 ipso
564 4263 602 4321 T.
623 4260 723 4321 Annio
743 4264 859 4322 tantum
879 4261 934 4322 tibi
958 4262 1118 4339 polliceorr
1139 4269 1169 4325 te
1190 4265 1311 4327 maioris

228 4370 327 4449 animi,
348 4367 514 4446 gravitatis,
535 4363 719 4429 constantiae
739 4397 780 4409 —
800 4362 971 4427 habiturum
988 4381 1053 4429 csse
1071 4366 1311 4447 nemiuem.”pro
