3086 5192
753 493 815 551 100

248 653 279 709 et
296 653 398 710 auctor
414 649 541 710 Romani
562 649 719 728 nominis'';
742 651 886 727 inprimis
901 651 1045 712 Senecam
1062 650 1100 711 de
1117 650 1218 712 Benel.
1240 651 1294 730 IV,
1306 655 1337 712 7:

249 751 371 827 „Jovem
401 752 486 813 illum
503 753 646 831 optimum
663 769 699 815 ac
711 753 873 814 maximum
889 754 947 815 rite
967 754 1058 834 dices,
1079 758 1110 817 et
1130 758 1283 818 tonantem
1304 759 1334 816 et

247 860 401 918 statorem:
429 858 481 935 qui
511 875 580 937 non,
610 862 645 919 ut
675 857 809 920 historici
840 858 1034 938 tradiderunt,
1056 877 1094 920 ex
1112 876 1147 920 eo
1165 859 1244 937 quod
1264 862 1333 938 post

246 965 348 1021 volum
365 967 535 1040 susceptum
556 962 637 1022 acies
657 963 856 1023 Romanorum
873 963 1050 1038 fugientium
1071 961 1163 1042 stetit,
1184 961 1238 1024 sed
1256 961 1334 1039 qucd

247 1070 329 1126 stam
355 1065 498 1127 beneficio
529 1067 594 1127 eius
626 1067 734 1146 omnia,
765 1072 859 1128 stator
890 1068 1096 1145 stabilitorque
1123 1067 1199 1128 est.'’
1250 1067 1335 1128 Haec

246 1167 453 1247 philosophus:
465 1173 629 1230 oratornec
639 1168 749 1229 famam
759 1170 893 1248 negligit,
915 1187 1006 1246 quum
1015 1170 1190 1247 praesertim
1210 1169 1335 1230 dicatio

248 1272 351 1351 templo
367 1273 442 1332 locis
455 1272 587 1353 Statoris,
608 1278 640 1334 et
661 1291 733 1334 vero
743 1275 915 1352 ampliorem
929 1275 1004 1335 illud
1015 1272 1334 1350 cognomensignifica-

246 1379 357 1438 tionem
378 1376 498 1457 habere,
520 1383 551 1439 et
571 1378 641 1438 boni
659 1378 765 1438 ominis
780 1396 846 1440 esse
867 1380 935 1440 urbi
952 1383 1043 1456 atque
1059 1379 1183 1458 imperio
1194 1377 1336 1440 ostendit.

286 1605 306 1649 a
334 1589 392 1649 tais
418 1588 481 1649 oris
502 1587 657 1669 colerisque
680 1588 804 1667 templis.
838 1589 952 1665 „Igitur
969 1605 1041 1649 arce
1057 1589 1171 1668 templa
1197 1592 1267 1650 snut
1283 1605 1337 1648 no·

246 1691 336 1752 stro.’'
356 1692 394 1753 R.
415 1724 456 1735 -
475 1690 525 1752 Ad
542 1690 618 1753 haec
640 1692 751 1770 optimc
768 1692 930 1772 respondet
949 1693 994 1773 B.,
1015 1711 1075 1754 non
1084 1692 1213 1754 attendit
1233 1693 1273 1754 ad
1290 1710 1336 1772 ea,

245 1812 323 1870 quae
341 1793 449 1856 deinde
470 1793 552 1874 dicit,
573 1794 626 1855 ubi
647 1795 801 1855 Halmium
815 1795 878 1854 oria
895 1795 1030 1856 omittere
1051 1794 1239 1856 memoravit:
1262 1793 1335 1870 „Sn-

244 1898 377 1976 persodit
389 1902 490 1960 tamen
510 1898 712 1959 demonstrare
729 1916 769 1958 an
784 1901 865 1959 recte
882 1898 926 1958 ita
942 1898 1139 1973 coniungatur
1155 1897 1335 1975 adiectivum

244 2004 446 2081 possessivum
477 2021 544 2063 cum
573 2003 705 2063 ablativo
733 2001 834 2061 ceteris
861 2019 914 2080 pro
936 2008 1092 2061 catanam
1109 2001 1234 2080 demam,
1256 2000 1336 2077 quod

244 2127 285 2168 an
305 2108 425 2170 defendi
442 2109 539 2186 possit
559 2107 754 2169 vehementer
770 2106 903 2169 dubito''.
944 2108 1022 2168 Nolo
1043 2108 1111 2183 quis
1128 2107 1336 2168 existimctme

244 2211 357 2272 Halmii
388 2211 546 2272 lectionem
568 2211 725 2291 adoptare3
747 2210 801 2272 sed
819 2210 898 2288 quod
918 2211 999 2271 istud
1015 2210 1217 2271 demonstrare
1234 2227 1335 2288 super-

245 2316 332 2396 sedit,
354 2316 499 2377 eiusmodi
517 2320 684 2377 structurae
713 2319 758 2377 tol
776 2313 856 2393 apud
872 2315 1045 2376 Ciceronem
1062 2316 1199 2395 exempla
1215 2318 1335 2375 exstare

245 2438 313 2482 enm
344 2425 466 2498 putasse
495 2421 591 2498 credo,
623 2424 737 2482 utnon
758 2420 1206 2500 opusessetullumproferre.
1247 2417 1335 2494 Quod

246 2525 385 2604 quoniam
414 2541 499 2585 secus
527 2524 648 2585 videtur
674 2523 828 2604 Rinkosio‚
860 2524 925 2585 eius
946 2541 1037 2585 causa
1053 2542 1093 2585 ex
1108 2542 1167 2585 nno
1188 2523 1264 2584 libro
1280 2524 1334 2583 ali·

246 2633 319 2705 quot
348 2628 504 2707 proferam,
524 2627 604 2688 unde
626 2626 665 2686 de
686 2627 810 2703 reliquis
827 2627 923 2704 possit
943 2627 1097 2687 coniicere.
1139 2627 1185 2686 De
1206 2625 1289 2688 Orac
1310 2627 1335 2706 1,

243 2736 272 2812 4,
295 2731 348 2792 15:
372 2732 515 2808 „Ingenia
536 2748 608 2790 vero
626 2736 790 2789 nostrorum
812 2730 960 2791 hominm
980 2732 1105 2792 multum
1122 2730 1223 2790 cetera
1245 2730 1334 2790 iomi-

244 2834 329 2895 aibas
360 2835 492 2896 omnium
512 2834 647 2911 gentium
668 2834 915 2914 praestiterunt3''
935 2852 990 2914 pro
1011 2840 1168 2894 calamam
1189 2833 1336 2894 dominam

243 2941 382 3018 ingeniis.
414 2940 486 3001 ibid
519 2943 548 3021 6,
580 2942 633 3000 23:
665 2945 699 3000 ut
717 2957 815 3000 eoram
834 2974 875 2985 -
895 2940 1100 3002 auctoritatem
1122 2939 1239 2999 &occia
1252 2943 1334 3000 ante-

243 3043 381 3124 ponam’'‚
408 3063 462 3123 pro
492 3043 664 3104 &cecorum
692 3042 866 3103 enormitati.
898 3042 969 3103 ibid.
991 3045 1040 3122 ld
1062 3045 1134 3104 197:
1158 3058 1266 3118 „quum
1284 3040 1333 3099 bo-

243 3151 357 3212 minum
377 3157 540 3211 nostrorum
566 3151 756 3230 prudentiam
777 3149 880 3210 catomo
900 3147 1030 3208 omniboo
1047 3153 1078 3209 et
1097 3148 1226 3207 maxime
1248 3146 1335 3208 Grae-

244 3256 285 3316 cis
302 3256 483 3334 antepono'',
511 3274 564 3334 pro
587 3261 745 3315 calamam
766 3254 943 3315 omoiom—
965 3252 1146 3313 Groecmam.
1167 3252 1253 3312 ibid:
1284 3250 1335 3326 „si

243 3376 310 3419 cum
334 3358 452 3417 illorum
481 3357 622 3437 Lycurgo,
643 3358 775 3418 Dracone
795 3363 826 3420 et
850 3358 953 3418 Solone
971 3358 1086 3418 nostros
1108 3355 1184 3434 lepos
1204 3355 1335 3417 conferre

243 3460 426 3542 volueritis'',
457 3479 511 3540 pro
536 3459 673 3539 lapara,
704 3458 849 3518 Draconis
875 3459 984 3535 lepidas
1005 3466 1062 3521 cet.
1104 3460 1257 3539 Apparere
1288 3477 1334 3519 ar-

243 3568 348 3646 bitror,
375 3566 402 3627 si
434 3583 536 3627 omnes
564 3563 715 3625 Ciceronis
742 3562 834 3622 libros
854 3579 1019 3641 percurras,
1041 3561 1167 3623 infinitis
1189 3562 1335 3640 exemplis

242 3669 362 3750 probari
381 3685 479 3749 posse,
500 3686 589 3746 quam
606 3671 717 3729 temere
734 3667 771 3726 R.
793 3664 983 3726 dubitaverit.

284 3876 362 3938 Sunt
391 3877 467 3938 haec
497 3876 559 3936 fere
587 3893 665 3952 quae
695 3878 815 3953 praeter
847 3891 892 3950 ea,
924 3889 1001 3948 quae
1029 3876 1110 3932 recte
1130 3870 1335 3933 vindicaverat

243 3980 375 4059 Bootins‚
396 3979 428 4040 in
449 3979 505 4039 hoc
525 3977 627 4038 libello
645 3976 909 4037 animadvertenda
926 3974 1076 4053 haberem,
1098 3992 1185 4050 quem
1206 3973 1277 4035 vide
1294 3992 1333 4033 an

243 4084 349 4145 merito
370 4083 502 4161 ineptum
523 4080 703 4141 vocaverim.
744 4077 831 4154 Quae
853 4083 953 4140 autem
971 4079 1003 4138 in
1021 4078 1261 4139 adnotationibus
1272 4077 1334 4138 suis

244 4192 347 4249 contra
364 4188 489 4247 latinum
511 4202 675 4246 sermonem
692 4202 816 4262 peccare
837 4185 913 4244 solet
930 4182 1101 4261 Rinkesins,
1122 4182 1183 4241 alia
1200 4181 1332 4242 literula-

244 4310 309 4353 rum
339 4291 433 4353 forma
463 4291 513 4352 hic
530 4292 592 4352 illic
609 4291 748 4369 indicavi,
769 4308 828 4350 non
841 4307 938 4367 pauca
959 4289 1088 4366 quidem,
1108 4288 1161 4347 sed
1181 4289 1268 4362 longe
1284 4290 1330 4345 ta·

245 4413 313 4455 men
340 4395 434 4473 abest,
461 4400 495 4454 ut
520 4394 618 4453 omnia
643 4411 720 4467 quae
748 4393 779 4451 in
800 4392 838 4452 iis
859 4392 1046 4468 reperiuntur
1062 4391 1137 4451 vitia
1157 4389 1330 4451 notaverim.
