3086 5192
769 472 808 530 64

246 638 407 714 gerendum
429 638 517 712 esset,
538 633 646 693 viderit
664 632 710 691 R..
754 629 798 688 Eo
816 625 963 706 proficisci
990 624 1081 700 igitur
1109 624 1248 703 cupiebat
1275 624 1330 685 Ca·

246 744 333 803 tilina
352 742 433 820 (nam
454 756 513 798 non
533 743 612 799 recte
639 736 699 794 dici
731 740 829 793 costra
847 749 958 809 rapere,
979 731 1076 807 ipsum
1090 727 1267 788 Rinkesinm
1288 729 1331 787 vi-

247 848 317 907 dere
344 842 494 921 existimo)
515 859 550 902 co
572 839 720 919 cupiditas
742 840 809 917 ista,
830 854 920 914 quam
938 835 998 894 iam
1015 835 1100 911 priua
1115 833 1214 893 verbis
1231 832 1331 892 factis-

247 967 306 1026 que
320 948 354 1029 (ξ
378 950 405 1006 9.
427 951 457 1006 et
471 942 535 1023 24.)
564 943 756 1019 indicaverat,
783 955 930 1016 quamque
953 937 1125 996 effrenatam
1143 953 1178 995 ac
1191 934 1332 994 furiosam

247 1054 311 1112 iure
332 1055 419 1112 vocat
439 1053 546 1125 orator,
571 1044 717 1121 rapiebat.

289 1261 334 1319 Ad
363 1259 439 1319 lrarrc
460 1263 486 1316 te
504 1251 659 1315 amentiam
679 1253 799 1330 sortaaa
821 1250 950 1312 secam.
972 1249 1034 1325 ,Ad
1056 1247 1211 1309 amentiam
1228 1253 1335 1306 catara

250 1370 277 1422 te
290 1363 404 1442 peperit
421 1365 500 1422 recte
518 1360 635 1437 dicitm,
656 1358 709 1418 ced
726 1356 858 1416 coloratas
880 1363 905 1415 te
923 1351 1229 1415 eamcaitnonitem3'
1250 1353 1335 1410 R.—

249 1466 332 1526 Haec
352 1465 428 1525 bene
442 1463 607 1523 vindicavit
623 1462 668 1539 B,
689 1462 742 1520 illa
752 1478 812 1520 non
829 1460 903 1519 eatis
921 1459 1067 1520 refutasse
1084 1457 1217 1517 videtur:
1241 1454 1336 1531 ,qnod

249 1570 402 1649 nequitur:
423 1568 589 1645 fortonato
610 1565 732 1625 semovit
752 1564 792 1624 ad
813 1563 976 1640 amentiam,
998 1563 1024 1621 si
1045 1562 1110 1621 fieri
1126 1564 1226 1637 potest
1247 1560 1337 1620 etiam

249 1673 335 1750 peius
363 1676 418 1732 est.
459 1671 538 1729 Nam
563 1668 663 1745 priore
689 1667 748 1726 loco
768 1666 886 1726 fortuna
907 1684 967 1726 non
985 1665 1114 1742 semovit,
1135 1663 1189 1725 sed
1210 1667 1338 1721 reservat

250 1775 379 1850 aliquem
400 1771 439 1831 ad
454 1774 592 1831 eventum
609 1769 766 1847 quendam,
786 1770 837 1828 vel
855 1768 894 1826 ad
913 1772 1030 1845 tempus
1058 1766 1216 1845 quoddam,
1238 1770 1272 1826 ut
1292 1769 1338 1825 est

250 1874 331 1953 apud
362 1872 423 1933 Cic.
451 1872 484 1932 in
507 1872 592 1931 Verr.
620 1872 658 1949 V,
687 1872 736 1949 46,
758 1870 846 1930 121.''
868 1886 956 1947 quem
977 1870 1074 1931 lecum
1089 1889 1109 1930 a
1128 1875 1229 1930 nostro
1249 1887 1338 1947 quam

250 1977 379 2037 maxime
400 1975 530 2034 alienum
551 1991 617 2034 esse
648 1972 776 2033 videbis.
803 1974 880 2034 Item
901 1991 939 2033 ex
960 1974 1029 2051 alio,
1049 1989 1109 2033 nan
1123 1973 1339 2033 minoratione

251 2082 324 2160 loco,
344 2081 534 2158 demonstrat,
554 2083 634 2139 reete
648 2078 707 2137 diei
720 2095 808 2156 posse
821 2077 971 2153 [ortanam
992 2075 1117 2155 clippem
1137 2094 1283 2136 reservare
1299 2075 1339 2134 ad

252 2184 444 2264 snppliciam;
467 2182 521 2243 sed
534 2182 593 2243 dici
614 2199 673 2242 non
687 2199 793 2260 posse:
818 2181 953 2255 ,fortuna
979 2186 1010 2240 te
1030 2181 1194 2242 reservavit
1212 2181 1251 2240 ad
1271 2181 1338 2239 viti·

252 2308 302 2351 um
319 2287 495 2367 quoddam.’'
538 2285 580 2346 nt
596 2285 672 2344 nihil
689 2285 834 2345 eiusmodi
854 2285 927 2345 dicit
949 2290 1061 2346 orator:
1084 2302 1179 2362 neque
1190 2285 1272 2343 aliud
1290 2284 1340 2342 his

253 2392 388 2452 omnibus
405 2391 442 2448 R.
460 2388 682 2464 demonstravit,
703 2387 762 2446 nisi
780 2387 915 2461 ignorare
937 2387 1067 2447 celrano
1085 2389 1190 2467 locum,
1201 2404 1256 2447 nec
1267 2387 1340 2447 satis

255 2496 431 2572 intelligere,
452 2511 528 2570 quae
549 2492 716 2552 differentia
733 2493 773 2552 sit
792 2493 869 2552 inter
887 2510 1001 2551 screare
1022 2497 1053 2552 et
1070 2510 1225 2552 reservare.
1267 2493 1339 2553 Ver-

255 2602 296 2661 ba
316 2603 416 2659 antem
437 2596 557 2672 fortuna
579 2602 605 2653 te
624 2594 745 2653 seroaoit
761 2595 940 2671 respondent
961 2595 1030 2673 illis,
1051 2603 1159 2656 catara
1180 2604 1206 2656 te
1220 2596 1341 2676 peperit,

257 2711 289 2766 et
309 2702 485 2778 significant,
506 2699 653 2759 fortunam
675 2697 735 2756 eires
752 2698 827 2756 citae
842 2700 1011 2778 pepercisse,
1033 2718 1100 2759 emn
1121 2719 1180 2761 non
1197 2707 1286 2760 armeta
1305 2700 1342 2759 ab

257 2809 316 2868 ista
340 2802 466 2865 amaritia
495 2800 692 2879 prohibuisse,
724 2801 970 2878 quemadmodmn
1009 2803 1081 2863 dicit
1109 2804 1130 2881 ξ
1166 2807 1205 2862 4:
1239 2803 1344 2877 ,Vivis

259 2929 318 2973 nan
334 2909 373 2969 ad
403 2906 618 2986 deponendam,
640 2904 693 2965 sed
722 2905 761 2965 ad
781 2906 1010 2965 confirmandam
1031 2905 1215 2981 audaciam,''
1236 2908 1345 2980 quibus

259 3018 363 3080 Cicero
383 3014 513 3093 profecto
530 3030 588 3073 non
606 3011 727 3088 indicat,
749 3028 781 3070 ee
803 3011 963 3070 Catilinam
980 3010 1018 3068 ad
1035 3010 1125 3068 talem
1139 3013 1277 3068 eventum
1298 3028 1344 3070 re·

261 3139 400 3198 servare3
422 3117 476 3178 sed
494 3117 551 3177 sibi
571 3133 746 3193 persuasum
764 3131 839 3190 ease,
860 3131 927 3172 eum
947 3113 1011 3171 vita
1027 3129 1082 3171 sua
1103 3113 1142 3171 ad
1163 3112 1241 3172 hunc
1256 3113 1346 3174 finem

262 3227 431 3287 abacorum.
472 3220 586 3280 Eodem
602 3219 689 3279 modo
706 3219 735 3277 h.
757 3218 777 3275 l.
797 3216 836 3274 ad
855 3216 931 3274 Iram
948 3216 1104 3275 amentiam
1120 3216 1268 3276 fontanam
1278 3237 1346 3278 eum

264 3341 399 3388 servasse
429 3322 510 3400 dicit,
542 3326 576 3381 nt
600 3321 722 3397 impium
744 3336 778 3377 ae
800 3317 945 3376 nefarium
965 3318 1076 3377 bellum
1097 3323 1199 3378 contra
1219 3321 1346 3395 patriam

264 3432 388 3507 gereret,
410 3423 489 3503 quod
510 3423 617 3483 festive
639 3426 739 3481 noster
759 3420 860 3480 citiam
881 3420 1025 3499 procidam
1045 3423 1185 3500 appellat.

306 3661 364 3703 reon
384 3640 466 3701 modo
487 3627 583 3716 otiam,
606 3638 706 3697 sedne
724 3636 835 3696 bellum
849 3666 889 3679 -
911 3635 1076 3714 coeempisti.
1090 3638 1190 3712 ,Haec
1201 3653 1347 3715 apponere
1368 3611 1370 3615 ¹

265 3763 325 3806 non
342 3750 407 3805 erat
424 3759 516 3821 opus3
538 3758 607 3800 nam
638 3741 729 3799 otium
750 3739 826 3799 nihil
847 3745 932 3817 turpe
960 3738 1059 3817 habet,
1080 3742 1230 3817 multoque
1250 3741 1349 3798 minus

266 3848 411 3908 nefarium
432 3849 494 3921 est,
516 3843 593 3903 male
604 3843 695 3916 igitur
715 3842 745 3900 h.
766 3843 786 3901 l.
798 3841 947 3902 Catilinae
962 3842 1161 3920 exprobratur,
1173 3861 1240 3902 eum
1258 3843 1350 3901 otimn

267 3967 326 4011 non
353 3945 555 4024 concupisse.''
587 3945 624 4003 R.
646 3976 687 3986 -
708 3944 813 4002 Risum
832 3945 958 4004 teneatis
979 3945 1082 4004 amici!
1103 3945 1182 4006 Male
1202 3946 1350 4006 Catilinae

268 4052 469 4133 exprobratur,
500 4047 579 4153 quod
599 4065 658 4105 non
680 4047 881 4123 concupiverit
905 4049 1028 4126 aliquid,
1050 4050 1128 4126 qnod
1159 4050 1235 4109 nihil
1265 4057 1350 4127 trnpc

267 4156 386 4232 habeat,
408 4152 461 4213 sed
477 4150 577 4228 potius
594 4148 625 4207 id
650 4147 728 4224 qued
745 4149 787 4208 sit
804 4148 967 4209 nefarirnn!
989 4150 1153 4230 Deceptum
1170 4159 1242 4230 puto
1253 4154 1351 4212 adole·

269 4265 400 4321 scentem
421 4259 568 4315 emuetma
583 4270 643 4311 non
663 4253 781 4312 insueta
800 4258 910 4332 tamen,
930 4272 987 4312 eron
1008 4255 1090 4313 modo
1112 4287 1154 4298 -
1175 4256 1224 4315 sed
1241 4256 1352 4333 ere-pai-

270 4364 355 4433 dem,·
377 4359 456 4439 quod
486 4357 581 4433 magio
613 4357 703 4422 etiam
733 4355 803 4417 hinc
831 4360 954 4436 apparet
993 4358 1064 4435 quia
1081 4359 1255 4425 attributum
1275 4360 1354 4438 qood
