3086 5192
736 468 774 528 ln

222 627 358 694 dabimus
385 632 423 691 ad
441 631 532 691 verba
552 629 684 706 illntpso
700 633 781 687 nuncto
791 648 802 695 ;
824 627 878 688 sed
895 645 949 706 ea,
975 644 1051 705 quae
1074 624 1200 701 legimus
1221 623 1305 688 initio

222 755 248 797 c.
263 738 309 797 V:
332 736 446 810 ,Perge
463 749 521 811 quo
535 733 668 811 coepisti,
679 730 839 807 egredere''
861 734 917 791 cet.
939 731 984 790 ita
993 731 1152 809 vituperat·
1175 730 1302 805 ,Fugie-

221 838 274 898 bat
294 842 394 898 autem
422 836 524 895 bonnm
552 835 647 894 ninam
663 852 705 911 sc,
726 838 886 911 antequam
902 838 1053 895 narrasset
1066 834 1214 894 Catilinae
1235 851 1302 894 oon·

220 940 290 1000 silia
317 940 375 999 sibi
406 956 472 999 esse
493 943 573 1016 nota,
593 936 706 997 dixisse
727 937 759 996 in
778 936 837 996 fine
854 954 879 997 c.
900 938 941 996 II:
962 936 1037 997 oinos
1056 936 1128 997 nocis
1146 936 1304 1014 moendinis

221 1043 349 1102 obsessus
370 1048 445 1103 cet:
466 1043 545 1120 quod
565 1059 623 1119 quo
639 1041 746 1101 melius
766 1041 830 1101 fieri
847 1041 950 1118 possit,
972 1041 1054 1102 iubet
1071 1059 1138 1100 eum
1155 1042 1228 1104 urbe
1239 1042 1301 1102 exi·

221 1146 340 1209 recet.”
360 1145 539 1206 Existimare
560 1147 597 1204 R.
619 1144 737 1205 videtur
755 1160 888 1221 pugnare
909 1145 988 1203 inter
1004 1161 1036 1204 sc
1055 1144 1304 1219 oprcdietoinern·

221 1251 294 1310 milri
314 1267 385 1310 vcro
402 1251 445 1310 sio
462 1250 580 1309 demum
601 1247 749 1308 contraria
769 1263 835 1306 esso
853 1246 1032 1324 viderentur,
1054 1248 1080 1305 si
1104 1248 1215 1321 ,bonus
1236 1247 1300 1306 vir''

220 1357 303 1434 puus
314 1354 440 1414 dixisset
449 1352 631 1432 interficiere.
652 1351 721 1411 Nisi
730 1350 805 1409 forto
822 1353 909 1428 putat
918 1349 1010 1409 verba
1019 1349 1103 1427 nives,
1123 1349 1304 1426 ntniniasig-

220 1459 350 1535 nificare,
381 1459 413 1518 iu
443 1458 515 1519 urbe
547 1458 575 1517 ei
599 1455 777 1516 manendum
809 1471 883 1532 esse,
914 1459 948 1514 ut
975 1453 1133 1532 praesidiis
1165 1455 1304 1515 obsessus

221 1580 403 1625 commovere
430 1577 463 1621 se
490 1578 549 1621 non
576 1560 679 1638 possit.
722 1558 782 1618 Sed
802 1561 919 1618 tantum
939 1559 1033 1636 abest,
1054 1563 1088 1618 ut
1108 1558 1161 1618 illa
1178 1558 1256 1618 inter
1272 1575 1305 1618 se

220 1672 363 1747 pugnent,
390 1672 423 1727 ut
444 1667 535 1727 multo
552 1665 648 1740 magis
665 1664 722 1742 iis,
744 1679 821 1741 quae
842 1661 915 1722 dicit
935 1663 967 1722 in
983 1661 1041 1724 fine
1062 1681 1087 1722 c.
1105 1663 1146 1740 H,
1167 1662 1227 1722 iarn
1248 1663 1302 1721 im·

219 1771 331 1849 pollere
361 1786 428 1830 eum
456 1766 669 1845 quodammodo
696 1765 820 1843 incipiat
844 1765 882 1824 ad
901 1764 940 1843 id,
962 1765 1040 1841 quod
1061 1760 1197 1825 hortatur
1216 1765 1303 1826 initio

219 1895 245 1937 o.
267 1877 304 1936 V.
347 1873 484 1935 Ostendit
505 1875 592 1952 enim,
614 1874 692 1933 siin
723 1872 795 1932 urbe
816 1875 944 1949 mancat,
965 1875 1047 1931 certa
1066 1871 1104 1931 de
1125 1886 1216 1931 causa
1237 1888 1305 1931 eum

219 1994 279 2039 non
299 1966 484 2039 interiectum
505 1976 625 2054 quidem
646 1976 692 2054 iri,
714 1976 767 2036 scd
788 1976 831 2036 ita
848 1979 948 2035 tamen
969 1975 1115 2035 victurum
1133 1992 1208 2053 esse,
1228 1980 1306 2036 utet

218 2079 376 2157 praesidiis
393 2078 592 2157 prohibeatur,
613 2096 651 2138 ne
671 2078 795 2138 consilia
816 2096 870 2138 sua
901 2078 996 2155 possit
1012 2079 1147 2156 exsequi,
1168 2084 1199 2140 et
1218 2079 1304 2140 undi-

220 2201 277 2262 que
294 2185 430 2259 cingatur
447 2182 689 2261 speculatoribus,
710 2183 761 2260 qni
789 2182 932 2260 quidquid
952 2183 1091 2244 moliatur
1111 2183 1171 2243 sint
1192 2184 1303 2244 indica·

219 2288 287 2349 turi.
309 2320 349 2331 -
369 2288 406 2347 In
422 2288 545 2364 reliquis
564 2287 645 2366 (nam
661 2287 803 2364 pleraque
824 2286 956 2346 futiliora
976 2291 1054 2366 sunt,
1076 2305 1165 2363 quarn
1185 2288 1217 2346 in
1237 2290 1301 2365 qui-

220 2390 275 2450 bus
296 2390 409 2450 diutius
429 2389 587 2468 moremur)
609 2389 734 2450 irridens
756 2390 846 2449 etiarn
866 2390 966 2448 verbis
997 2389 1068 2447 odric
1099 2396 1190 2451 tecum
1217 2391 1304 2452 otiam

219 2510 316 2552 omnes
337 2498 399 2552 tuos
420 2492 501 2553 dicit:
525 2492 584 2567 ,nt
600 2492 761 2552 Catilinam
778 2509 837 2551 non
851 2492 1024 2552 educturum
1041 2509 1143 2553 omnes
1160 2511 1229 2554 suos
1251 2513 1301 2573 op-

219 2597 291 2659 timc
311 2597 424 2658 sciebat
444 2601 554 2675 orator3
577 2597 653 2656 dixit
674 2597 752 2656 enirn
775 2596 795 2673 ξ
819 2598 846 2655 9.
868 2596 998 2657 delectos
1020 2613 1170 2674 essequos
1190 2599 1303 2658 Romae

219 2702 407 2777 relinqueret,
436 2717 567 2776 quosque
599 2716 697 2758 secum
729 2698 896 2758 educeret.''
937 2699 1006 2758 Non
1036 2699 1121 2778 vidit,
1142 2718 1181 2758 an
1201 2701 1303 2762 videre

220 2804 323 2881 noluit,
344 2803 419 2862 haec
433 2804 523 2862 etiam
541 2803 649 2864 addere
677 2803 850 2863 oratorem?
895 2804 997 2878 ,Educ
1024 2809 1121 2864 tecum
1135 2807 1226 2866 otiam
1243 2825 1302 2866 om·

219 2922 273 2967 nes
300 2910 383 2985 tuos,
416 2905 442 2963 si
470 2905 574 2982 nntnns,
605 2922 691 2983 nnana
708 2905 880 2982 plurimos.”
921 2908 961 2966 Et
981 2913 1081 2968 tamen
1099 2912 1184 2985 quasi
1202 2912 1303 2971 trium·

218 3011 315 3090 phans
332 3012 363 3069 in
381 3011 439 3070 fine
463 3014 620 3071 exclamat
663 3011 814 3089 ,Apparet
841 3012 932 3086 igitur
944 3029 1011 3071 eam
1031 3030 1151 3072 causam
1165 3032 1230 3075 esse
1247 3017 1301 3074 fal-

219 3133 283 3177 sam
301 3121 333 3176 et
355 3116 501 3176 rhetorem
522 3114 619 3176 denuc
648 3116 706 3176 sibi
724 3116 871 3192 obloqui.’'

260 3322 376 3383 Etenim
403 3324 544 3402 quidest.
580 3326 758 3403 ,Perperam
789 3325 845 3386 hoo
868 3327 1044 3388 vocabulum
1061 3327 1110 3389 hio
1126 3335 1302 3409 usurpatum

217 3445 287 3490 nam
308 3446 384 3507 quae
402 3434 564 3506 sequnntur
585 3431 802 3491 conclusionem
823 3433 974 3494 continent
994 3451 1102 3512 eorum
1123 3451 1199 3512 quae
1216 3452 1301 3514 prae·

218 3531 346 3611 cedunt,
368 3532 556 3593 scribendum
567 3532 676 3593 idcirco
689 3533 796 3595 suisset
807 3534 898 3611 ipitnr
917 3537 966 3595 vel
983 3537 1080 3596 simile
1091 3534 1191 3614 qnid.''
1212 3540 1301 3599 R.-

219 3632 477 3697 Ecnolnoionomtl
507 3638 645 3714 ipitnrli
671 3643 784 3715 quanta
808 3639 895 3699 turba
915 3639 999 3714 soret,
1021 3639 1047 3700 si
1068 3641 1187 3719 ineptus
1202 3642 1303 3705 rhetor

216 3742 277 3802 talo
294 3740 366 3819 quid
388 3741 523 3801 dixisset.
546 3738 671 3819 Etenim,
692 3746 725 3801 ut
746 3743 831 3821 solet,
852 3743 1018 3804 coniunctio
1038 3746 1166 3805 causalis
1176 3753 1231 3827 est,
1242 3766 1301 3826 qua

216 3844 346 3903 rationes
369 3844 532 3903 redduntur
553 3860 653 3904 eorum
674 3863 750 3921 quae
771 3846 960 3926 praecedunt,
982 3851 1013 3907 et
1032 3866 1137 3927 parum
1157 3853 1206 3912 vel
1226 3853 1302 3914 nihil

216 3945 315 4007 differt
325 3963 344 4005 a
355 3946 483 4023 simplici
504 3946 588 4026 enirn,
600 3947 658 4007 nisi
676 3947 755 4025 quod
762 3948 901 4009 adiuncto
912 3954 939 4008 et
948 3952 1146 4031 praeponitur,
1157 3958 1247 4032 atque
1257 3957 1301 4016 ita

217 4048 359 4107 maiorem
380 4049 531 4124 quandam
551 4049 643 4109 habet
664 4051 733 4109 vim.
763 4050 889 4112 Dixerat
910 4056 1007 4113 orator
1027 4056 1184 4115 multorum
1202 4060 1301 4118 oculos

215 4157 246 4212 et
274 4169 361 4213 aures
395 4169 463 4211 eum
501 4153 650 4230 speculari
682 4158 772 4231 atque
806 4155 972 4217 custodire:
1004 4156 1083 4234 quod
1114 4175 1203 4235 quarn
1230 4178 1301 4222 vere

215 4253 332 4335 dixerit,
364 4255 425 4314 iam
447 4253 516 4315 hinc
548 4256 576 4315 ei
597 4256 774 4333 probaturus
795 4262 849 4337 est,
870 4259 950 4319 unde
969 4276 1065 4320 novus
1084 4262 1167 4322 locus
1187 4264 1300 4344 oritur,

215 4357 254 4418 ad
271 4374 359 4434 quom
368 4358 526 4423 transitum
547 4364 634 4436 parat
654 4359 728 4420 haec
749 4361 904 4437 particula.
926 4362 1054 4442 Etenim,
1071 4364 1211 4445 Catilina,
1222 4367 1299 4444 quod

1138 4470 1177 4528 2*
