3086 5192
763 495 820 552 101

244 652 311 711 Iam
343 670 413 713 vero
440 669 499 714 non
527 673 600 733 opus
628 671 694 715 esse
721 654 794 714 mihi
822 654 972 734 concedes,
1004 657 1084 733 puto,
1112 658 1146 714 ut
1167 655 1220 713 illa
1241 654 1331 714 etiam

245 775 424 839 recenseam,
456 778 532 837 quae
560 763 591 819 in
621 763 718 839 priore
739 760 949 839 disputationis
970 763 1054 838 parte
1075 761 1172 818 minus
1193 759 1269 819 bene
1288 759 1332 819 la-

243 861 306 922 tine
331 863 411 925 dicta
435 883 482 926 me
506 865 699 943 offenderunt,
720 882 797 940 quae
819 867 951 924 attentus
968 864 1060 922 lector
1078 862 1168 921 etiam
1186 862 1250 920 sine
1263 879 1330 922 meo

244 968 354 1030 indicio
374 970 462 1031 facile
484 971 663 1031 observabit.
705 970 751 1029 De
765 970 839 1046 ipsis
857 972 965 1046 autem,
986 966 1331 1042 quaeinintroductione

242 1076 415 1152 tractantur,
437 1073 525 1133 rebus
544 1091 595 1133 cur
615 1091 674 1132 non
695 1071 843 1147 agendum
864 1071 937 1130 mihi
959 1087 1025 1130 esse
1046 1069 1251 1148 decrevissem,
1273 1070 1328 1128 ini-

242 1177 285 1237 tio
314 1177 457 1254 epistolae
486 1194 592 1237 causas
606 1176 662 1236 tibi
684 1174 816 1253 exposui,
837 1192 893 1234 nec
912 1178 1070 1252 postquam
1098 1172 1236 1251 vidimus,
1264 1173 1329 1248 qui-

241 1281 297 1340 bus
328 1281 453 1342 internis
482 1280 664 1356 argumentis
686 1280 799 1340 nitatur
819 1278 872 1336 illa
894 1276 1083 1354 abiudicatio,
1104 1280 1228 1335 externa
1249 1291 1330 1349 mag-

240 1403 349 1463 nopere
380 1403 483 1446 curare
499 1390 545 1447 tc
573 1385 721 1464 existimo,
753 1401 849 1459 neque
871 1382 1040 1442 desiderare
1057 1386 1091 1441 ut
1112 1380 1210 1440 inutili
1227 1380 1330 1439 verbo-

240 1508 306 1550 rum
337 1493 497 1551 certamine
526 1495 644 1570 tempus
672 1489 839 1568 perdamus.
880 1487 1019 1548 Ceterum
1051 1504 1141 1562 quum
1169 1486 1229 1544 iam
1257 1486 1332 1545 haec

236 1593 324 1670 typis
348 1594 529 1673 mandarem,
561 1613 631 1656 ecce
652 1595 777 1654 aliorum
798 1593 888 1652 otiam
909 1591 1055 1670 prodiisse
1076 1590 1107 1648 in
1129 1590 1254 1649 eandem
1272 1590 1331 1648 dis-

239 1698 646 1777 putationemclarorumque
663 1700 793 1759 virorum
814 1696 1085 1757 animadversiones
1109 1694 1183 1752 mihi
1210 1695 1331 1754 nuncia-

239 1804 296 1879 tur,
318 1820 353 1860 ac
373 1803 469 1863 vereri
491 1803 677 1882 incipiebam,
699 1820 736 1862 ne
754 1801 794 1861 ab
814 1801 875 1861 illis
897 1805 1040 1879 occupata
1060 1798 1136 1858 foret
1157 1817 1245 1874 quam
1266 1799 1331 1875 ipse

237 1919 426 1981 susceperam
437 1906 598 1983 provincia.
621 1903 717 1978 Quem
727 1908 838 1965 metum
855 1909 955 1963 tamen
965 1903 1013 1962 his
1024 1903 1109 1963 lectis
1119 1919 1228 1961 vanum
1238 1899 1331 1960 fuisse
1391 1943 1393 1947 -

193 1996 196 2000 ’
236 2008 369 2080 cognovi.
412 2009 532 2069 Vidisse
550 2011 629 2068 enim
650 2013 680 2070 te
702 2009 827 2068 arbitror
849 2024 926 2082 quae
953 2006 1035 2066 hisce
1057 2005 1161 2065 diebus
1182 2004 1214 2064 in
1234 2003 1330 2064 diario

236 2109 272 2167 dc
301 2108 372 2169 Giris
388 2111 425 2170 V.
447 2110 491 2171 01.
509 2110 545 2172 u.
567 2114 591 2171 Ι.
621 2105 722 2190 Kiehl,
744 2112 775 2170 in
797 2109 959 2169 abaciacus
987 2104 1275 2184 Heidelbcrpecstboo
1291 2090 1330 2165 V.

235 2212 279 2273 Ol.
311 2213 380 2274 Ohr.
412 2213 511 2275 Baehr
535 2217 567 2274 in
595 2234 661 2274 eam
687 2215 917 2293 disputationem
946 2212 1112 2287 castigandi
1146 2226 1236 2272 causa
1257 2210 1328 2269 scri·

234 2321 365 2392 pserunt.
408 2316 493 2391 Quae
515 2318 589 2378 adeo
609 2337 668 2378 non
693 2320 731 2377 ab
749 2318 873 2379 edendis
892 2317 940 2377 his
953 2317 1091 2377 vindiciis
1112 2334 1160 2375 me
1177 2314 1326 2375 deterrue-

234 2424 311 2500 ruut,
343 2425 377 2482 111
401 2428 431 2482 et
459 2424 637 2484 sententiam
669 2441 765 2482 meam
787 2424 824 2483 de
842 2422 930 2482 huius
952 2422 1086 2500 opusculi
1103 2420 1270 2480 temeritate
1287 2437 1324 2479 ac

233 2526 368 2588 vanitate
400 2528 645 2608 confirmaverint,
667 2547 764 2605 neque
783 2529 942 2606 effecerint,
963 2532 997 2588 ut
1018 2545 1137 2606 operam
1157 2524 1323 2604 perdidisse

183 2686 186 2690 1
233 2628 306 2688 mihi
337 2629 462 2710 viderer,
494 2638 693 2694 metueremve
724 2651 762 2692 ne
786 2633 861 2693 haec
879 2631 993 2693 edendo
1011 2636 1079 2691 acta
1096 2648 1185 2706 agere
1205 2646 1324 2708 possem

232 2733 405 2792 existimari.
429 2737 575 2797 Brevibus
597 2740 676 2797 enim
693 2738 793 2798 verbis
816 2739 892 2797 alter
908 2755 1016 2815 eorum,
1037 2741 1070 2795 ut
1084 2735 1196 2814 vidisti,
1208 2735 1324 2795 consilii

232 2837 386 2898 levitatem
404 2838 634 2918 futilitatemque
655 2848 893 2917 argumentorum
903 2842 1057 2901 verissime
1074 2840 1257 2919 perstrinxit,
1267 2856 1323 2898 nec

231 2941 311 3001 locos
330 2943 411 3019 ipsos
428 2942 487 3002 nisi
504 2946 699 3020 paucissimos
711 2944 820 3022 attigit,
841 2946 933 3004 multo
943 2943 1041 3002 minus
1051 2940 1170 3017 singula
1180 2960 1323 3002 enervare

231 3062 391 3121 aggressus
419 3051 474 3106 est.
506 3048 562 3106 Ille
587 3047 734 3125 copiosius
752 3047 871 3123 quidem
891 3065 954 3108 rem
970 3045 1119 3123 tractavit,
1140 3044 1193 3104 sed
1207 3044 1259 3123 ita,
1287 3049 1321 3104 ut

230 3149 342 3209 maiore
364 3167 402 3208 ex
422 3154 507 3227 parte
528 3167 612 3210 suam
630 3169 750 3229 operam
761 3151 917 3211 collocaret
933 3149 1013 3210 iniis
1024 3148 1231 3225 diiudicandis,
1242 3166 1319 3224 quae

231 3270 251 3311 a
270 3271 317 3313 me
336 3258 406 3316 sunt
424 3254 541 3332 omissa,
563 3272 599 3314 ac
619 3256 720 3316 multis
740 3254 839 3314 verbis
860 3254 897 3314 de
918 3254 1049 3315 externis
1066 3252 1248 3327 argumentis
1258 3252 1318 3311 dis-

229 3361 361 3437 putaret,
394 3359 431 3417 de
463 3359 588 3420 internis
613 3364 712 3420 autem
744 3359 869 3437 carptim
893 3358 1039 3435 quaedam
1060 3358 1192 3436 eligeret,
1212 3357 1317 3437 magis,

229 3463 262 3520 ut
286 3461 413 3540 videtur,
445 3481 480 3522 co
509 3463 640 3541 consilio,
661 3468 694 3524 ut
714 3463 962 3541 comparationem
981 3461 1129 3539 quandam
1150 3461 1318 3524 institueret

229 3563 366 3624 Bootium
387 3566 465 3626 inter
481 3571 512 3626 et
530 3566 716 3645 Rinkcslum,
737 3585 827 3643 quam
846 3571 881 3626 ut
898 3583 1091 3642 quaecunque
1109 3566 1140 3624 in
1156 3563 1245 3626 huius
1265 3561 1316 3624 adss

185 3752 187 3757 y
229 3668 430 3728 notationibus
448 3669 692 3748 reprehendenda
713 3675 814 3730 essent
833 3673 950 3731 notaret
966 3668 1198 3744 vindicarctque.
1229 3668 1318 3748 Ergo,

228 3789 319 3849 quum
339 3791 377 3834 ne
394 3779 462 3851 post
479 3793 578 3835 eorum
600 3775 719 3852 quidem
736 3792 855 3853 operam
877 3790 967 3834 causa
984 3772 1024 3832 sit
1044 3789 1096 3832 cur
1111 3771 1186 3832 haec
1203 3771 1318 3849 suppri-

228 3894 316 3955 mam,
337 3879 369 3937 in
389 3879 485 3938 lucem
513 3880 638 3956 prodeat
662 3879 782 3939 libellus
814 3895 906 3956 meus,
927 3893 1015 3952 quem
1033 3875 1159 3953 accipito
1176 3879 1319 3950 tanquam

227 3979 336 4056 pignus
358 3997 424 4040 cum
456 3998 540 4041 meae
568 3983 600 4041 in
631 3985 661 4042 te
683 3981 832 4042 amicitiae
858 3979 1151 4058 benevolentiaeque,
1171 3983 1235 4040 tum
1255 3983 1316 4038 stu-

230 4082 345 4143 diorum
363 4084 486 4162 ardoris,
507 4103 566 4160 quo
582 4103 642 4145 non
662 4087 761 4147 minus
781 4091 887 4164 tecum,
909 4102 998 4162 quam
1023 4084 1166 4146 affinitate
1177 4101 1242 4145 snm
1252 4101 1318 4144 con-

228 4188 356 4250 iunctus.
380 4189 457 4250 Vale
475 4194 574 4269 atque,
595 4195 628 4252 111
649 4190 731 4271 facis,
753 4209 800 4253 me
822 4208 921 4252 amare
941 4191 1066 4269 pergito.

335 4290 595 4372 Amsnuuonrmr,

231 4394 260 4455 o.
283 4397 384 4458 rom.
408 4394 544 4460 Octobris
567 4396 654 4459 1857.
803 4388 813 4493 ξ
841 4388 851 4491 ξ
866 4412 910 4484 :52
1017 4399 1051 4457 Ρ.
1094 4372 1278 4485 usiani.
