3086 5192
766 469 803 526 91

282 622 446 701 periontntn
474 623 609 684 residebit
631 631 658 683 et
680 623 737 682 erit
754 624 898 683 inotnsntn
918 624 950 683 in
967 623 1046 684 oenis
1066 629 1150 702 ntqne
1166 622 1200 681 in
1216 621 1330 682 obscen-

245 727 296 788 bns
317 728 502 806 retpnbtioee.
526 727 604 803 „Qui
621 734 701 789 reote
718 729 838 807 cogitat,
859 729 935 789 haee
951 745 1011 788 nou
1032 726 1120 789 dioot.
1162 726 1331 788 Perioulmn

243 835 323 895 euim
356 851 415 892 nou
440 838 486 894 ost
517 834 550 893 in
571 834 645 911 ipsis
665 834 763 911 rebus,
784 835 877 893 multo
898 833 996 893 minus
1013 834 1045 892 iu
1058 832 1227 892 homiuibus
1247 831 1331 909 ipsis,

242 936 296 997 sod
313 937 345 995 iu
366 937 503 1014 opinione
524 934 684 995 hominum.
724 937 846 1014 Malmn,
867 937 1040 1013 inimicitiso
1061 936 1120 996 diei
1140 938 1267 1012 possunt
1285 950 1330 992 re-

243 1040 371 1100 sidero.’'
399 1041 436 1099 R.
464 1071 505 1084 -
531 1041 612 1100 Nmn
629 1041 680 1117 qui
701 1040 776 1100 haoo
796 1040 874 1100 dixit
891 1045 971 1101 reete
992 1038 1157 1114 cogitavit?
1180 1037 1282 1111 Quid?
1305 1037 1332 1097 si

242 1143 368 1204 dicimus
399 1161 428 1203 v.
457 1161 482 1203 o.
512 1162 548 1202 ee
573 1161 607 1203 eo
638 1162 671 1202 re
698 1145 828 1204 imminet
845 1144 1025 1222 perictioni,
1047 1161 1145 1203 noune
1163 1144 1194 1203 iu
1211 1144 1278 1220 ipso
1298 1160 1332 1202 re

242 1250 315 1309 insit
345 1265 467 1310 neeesse
499 1254 564 1317 est:
594 1247 700 1308 bettnnn
724 1249 920 1327 perientosntn
950 1266 1048 1309 nonne
1079 1249 1188 1309 ideireo
1214 1248 1331 1325 dieitur,

242 1352 322 1428 quod
350 1351 444 1411 multa
475 1352 506 1410 in
540 1368 575 1411 eo
606 1352 667 1411 sint
693 1353 852 1430 peribula?
884 1352 983 1425 Quum
1004 1351 1106 1412 Oioero
1123 1351 1211 1411 dioit:
1236 1350 1333 1425 „melo

242 1470 308 1514 esse
330 1470 394 1512 enm
416 1452 516 1511 timore
536 1452 728 1531 domimeae,
750 1472 839 1530 quam
853 1452 1211 1531 enmperientoalieuse,’'
1233 1469 1331 1513 nonno

239 1555 403 1633 peniontntn
434 1557 555 1633 opponit
588 1555 692 1636 timori,
723 1557 743 1616 i.
772 1575 798 1617 e.
821 1556 950 1634 opinioni
967 1555 1117 1634 periboli?
1139 1555 1190 1615 Sie
1207 1554 1330 1616 Sallust.

241 1659 276 1719 B.
297 1659 331 1720 O.
349 1661 405 1719 42:
429 1660 584 1734 „Namque
613 1660 658 1718 illi
679 1660 807 1737 -plus
830 1659 950 1738 timonis,
972 1676 1061 1735 quam
1079 1657 1205 1736 petionli
1226 1660 1329 1720 offooe·

240 1760 338 1821 raut.''
380 1759 533 1833 Quomodo
550 1766 650 1822 autom
672 1762 711 1840 id,
733 1762 813 1836 quod
832 1762 866 1821 in
886 1761 1020 1839 opinione
1042 1761 1189 1821 bominem
1209 1766 1264 1840 est,
1286 1761 1328 1821 al-

241 1871 287 1927 ter
318 1866 431 1926 effioere
459 1867 580 1945 possit?
623 1867 690 1926 Liv.
719 1867 803 1944 XXI,
831 1869 879 1945 13,
911 1870 950 1926 2:
983 1884 1068 1941 „oum
1087 1868 1139 1928 illo
1156 1871 1210 1928 sut
1229 1871 1331 1931 vestro

240 1975 292 2032 sut
307 1986 362 2030 sua
383 1971 471 2048 eulpa
487 1971 631 2030 manserit
651 1970 731 2048 apud
750 1969 867 2031 hostem
886 2003 926 2013 -—
946 1987 1016 2049 sua,
1037 1970 1064 2030 si
1083 1975 1189 2030 metnm
1209 1969 1328 2030 simoin

239 2073 298 2153 ott,
318 2078 420 2135 vostro
439 2075 467 2134 si
484 2074 648 2151 periontnm
669 2080 711 2133 est
735 2075 816 2152 apud
834 2092 889 2133 vos
912 2091 985 2134 vera
1004 2073 1227 2135 referentibus.’'
1247 2075 1328 2151 Ergo

239 2195 295 2238 sua
325 2179 423 2258 eulpa,
448 2181 475 2239 si
500 2179 612 2255 selsam
636 2152 763 2256 petienti
794 2178 956 2256 opinionem
980 2178 1150 2258 praetendit,
1171 2183 1279 2258 vestm,
1301 2180 1328 2240 si

239 2300 303 2343 oete
318 2282 482 2360 periontnne
509 2301 529 2343 o
556 2283 634 2343 nobis
651 2283 788 2343 imminet.
830 2283 964 2360 Apparet
995 2283 1087 2358 igitur
1111 2301 1170 2343 nou
1190 2285 1222 2343 iu
1238 2285 1328 2344 rebus

240 2391 364 2473 tautum,
385 2388 544 2449 sedetiam
565 2388 597 2447 in
619 2387 781 2447 bominibus
798 2388 961 2466 perieulum
977 2388 1070 2449 latere
1087 2405 1184 2467 posse,
1205 2389 1231 2447 si
1248 2389 1327 2448 malo

239 2491 326 2552 uobis
342 2491 445 2571 velint,
466 2510 563 2568 nequo
583 2493 688 2553 Bootio
716 2492 863 2553 assentior
883 2491 957 2552 illud
978 2496 1064 2553 acuto
1081 2491 1255 2554 nRiukesio
1276 2492 1326 2554 ob·

239 2600 390 2656 servatum
411 2613 486 2674 osse,
507 2614 562 2657 neo
582 2614 653 2658 vero
669 2597 707 2656 ab
725 2601 840 2657 oratore
850 2613 988 2656 nenennne
997 2596 1139 2673 seriptum
1153 2613 1219 2657 esso
1229 2595 1326 2657 oredo.

239 2694 375 2756 Restione
402 2702 502 2757 autem
532 2699 695 2775 perieulum
730 2698 835 2759 eadem
865 2700 980 2758 ratione
1008 2698 1124 2778 dicitur,
1155 2716 1192 2759 eo
1223 2699 1326 2777 §122

241 2798 416 2874 „Residebit
436 2801 468 2858 in
488 2818 520 2860 re
540 2801 660 2878 publiea
680 2802 797 2878 reliqua
816 2803 1033 2864 ooniuratomm
1049 2821 1154 2864 manus
1165 2804 1194 2883 ;''
1204 2802 1237 2863 hi
1247 2805 1327 2864 euim

239 2907 374 2964 suctores
402 2908 487 2963 orant
517 2904 599 2964 illius
626 2905 759 2984 perieuli,
781 2911 904 2980 eratque
929 2908 973 2967 ita
990 2926 1056 2968 oum
1073 2909 1111 2967 iis
1128 2910 1325 2970 oouinnotum.

238 3004 325 3080 Quae
336 3007 444 3068 deiude
462 3007 599 3083 adiungit
609 3010 656 3068 Rs
680 3009 805 3084 „quodsi
825 3009 988 3087 perieulum
999 3011 1326 3091 iuolusumeratisoile

236 3117 301 3174 erat
322 3130 422 3173 euram
440 3112 550 3174 habero
567 3132 607 3175 no
621 3115 717 3175 exiret
747 3116 797 3174 vel
815 3115 1009 3194 erumperot‚”
1031 3114 1071 3176 sd
1090 3116 1183 3178 risum
1203 3122 1324 3196 captan-

235 3217 306 3276 dum
325 3218 425 3294 potius
442 3217 524 3279 diota
543 3218 629 3280 vides
652 3236 742 3295 quam
763 3220 802 3279 ad
823 3220 990 3280 sententiae
1012 3222 1158 3282 rationem
1174 3224 1325 3301 oxptioau-

235 3319 314 3378 dam.
355 3319 466 3380 Debuit
496 3324 597 3380 eutem
621 3320 724 3380 videro
744 3322 838 3382 verba
851 3320 995 3381 inetnsnnn
1025 3322 1058 3383 in
1087 3325 1167 3384 venis
1187 3331 1242 3387 oet.
1263 3326 1326 3386 iam

235 3423 275 3482 ad
295 3423 389 3483 morbi
420 3425 668 3502 comparationem
691 3427 849 3505 pertiuoro,
870 3444 948 3502 quae
962 3428 1100 3489 ooutiuuo
1112 3432 1254 3505 sequitur.
1274 3431 1323 3492 In-

234 3527 349 3588 olusum
367 3528 445 3588 euim
466 3530 557 3605 inquo
575 3532 661 3591 uenis
683 3535 714 3592 et
733 3531 898 3592 viseeribus
918 3532 1101 3593 reooutlitum
1111 3535 1221 3594 molum
1231 3536 1326 3597 multo

233 3633 329 3707 magis
350 3632 512 3693 timendum
540 3638 595 3712 ost,
617 3633 696 3708 quod
716 3638 854 3695 uberent
871 3639 961 3710 atque
982 3641 1125 3715 erumpat,
1147 3655 1205 3713 quo
1229 3640 1324 3701 morbi

234 3733 397 3810 perieulum
423 3738 584 3813 evometur,
605 3751 744 3811 magnam
766 3753 866 3796 euram
881 3736 1022 3799 adhibere
1039 3739 1322 3805 medioosvidomus.

234 3835 332 3896 Simili
349 3836 435 3897 modo
456 3837 590 3897 cavillari
612 3855 679 3899 oum
697 3838 827 3901 vidimus
843 3839 882 3900 ad
893 3840 986 3902 verbo
1007 3842 1171 3917 „inclusum
1188 3845 1220 3906 iu
1236 3844 1321 3909 nou-

234 3939 291 3999 lis’'
314 3939 334 4017 5
356 3942 385 3999 4.

275 4153 356 4207 nestn
387 4146 518 4226 febrique
548 4148 704 4210 iootnntne.
747 4150 852 4226 „Febri
882 4152 988 4212 inetori
1007 4154 1096 4231 plane
1116 4170 1225 4213 novum
1244 4154 1320 4215 ost''

235 4253 271 4312 R.
292 4286 332 4297 -
352 4254 535 4332 Expressum
553 4259 599 4315 est
618 4257 657 4316 de
678 4254 793 4317 (irsooo
820 4263 898 4337 νόσῳ
919 4261 1125 4336 χειμάζεσθαι,
1146 4261 1177 4318 et
1194 4258 1320 4334 tegimus

236 4355 315 4429 opud
343 4356 446 4421 Horat.
475 4354 568 4419 Serm.
589 4358 630 4437 11,
662 4361 690 4437 3,
717 4363 795 4421 121:
819 4361 968 4436 „Maxima
988 4380 1059 4439 pars
1076 4361 1226 4425 hominum
1243 4379 1319 4428 mor·
