3086 5192
745 461 786 517 90

223 621 341 693 genter,
362 615 441 693 quod
457 616 575 692 signum
597 616 724 677 latrones
735 616 870 695 (Sallust.
888 634 914 676 e.
936 613 990 692 28)
1001 617 1205 694 sequerentur,
1224 614 1316 693 §243

223 719 297 780 ‹lieit
313 720 378 797 ipse
398 723 496 780 orator
516 721 537 799 ξ
557 724 609 781 27:
633 724 766 795 ,tantum
782 720 893 798 profeci
910 723 975 779 tum
995 752 1036 762 —
1055 725 1089 780 ut
1109 719 1151 796 id,
1171 718 1250 796 quod
1267 736 1315 778 es·

223 828 270 883 set
300 842 320 883 a
339 827 370 884 te
391 824 535 885 seelerote
552 829 732 903 susceptum,
755 822 940 884 latrocinium
959 824 1069 902 potius,
1090 841 1180 901 quam
1200 823 1313 883 bellum

223 926 452 988 nominaretur.”
493 928 530 988 ef.
552 927 634 990 Oret.
656 929 723 990 Get.
744 929 786 1007 11,
798 931 826 1007 6,
859 932 908 988 142
952 928 1099 1007 ,Etenim
1120 927 1217 1006 oredo,
1236 927 1314 987 Mal·

223 1030 283 1090 lius
312 1030 371 1091 iste
387 1032 529 1110 centurio,
550 1032 601 1109 qui
619 1033 651 1090 in
671 1049 743 1106 agro
764 1031 936 1092 Faesulano
953 1034 1052 1092 eastra
1070 1031 1180 1108 posuit,
1199 1030 1312 1089 bellum

224 1134 259 1194 P.
286 1134 324 1195 R.
352 1152 406 1195 suo
432 1136 551 1195 nomine
583 1134 700 1213 indixit,
732 1140 763 1195 et
783 1135 837 1194 illa
855 1139 954 1196 eastre
972 1152 1052 1195 nune
1071 1151 1131 1194 uon
1153 1133 1314 1195 Catilinam

224 1239 427 1315 exspectaus
479 1239 597 1316 Ubique
624 1238 717 1312 igitur
747 1239 806 1299 sibi
833 1244 970 1299 constare
994 1243 1142 1299 oratorem
1169 1239 1314 1316 videmus,

224 1346 314 1418 etque
335 1361 373 1403 ex
392 1344 494 1406 multis
515 1345 606 1404 etiam
647 1342 784 1404 Sallustii
800 1344 873 1404 loeis
893 1361 954 1403 non
971 1344 1003 1403 in
1023 1343 1097 1403 urbe
1118 1346 1314 1404 tautumcon·

224 1446 400 1507 iurationem
427 1448 530 1510 iniisse
557 1449 727 1526 Catilinam,
748 1448 809 1508 sed-
822 1465 876 1525 per
897 1453 990 1508 totam
1006 1448 1128 1508 Italiam
1149 1448 1315 1525 dispersam

225 1568 291 1612 eam
321 1551 423 1631 fuisse,
454 1571 491 1615 eo
520 1553 599 1614 iusto
620 1553 738 1614 nomine
761 1551 947 1612 latrocinium
966 1552 1075 1631 vereri,
1097 1569 1241 1629 apparere
1261 1569 1315 1628 po.-

224 1656 294 1714 test.
335 1653 473 1715 Oetemm
501 1672 560 1732 qua
580 1657 699 1717 notione
726 1655 756 1714 h.
784 1655 805 1714 l.
831 1654 1035 1732 recipiendum
1064 1655 1104 1714 sit
1129 1655 1316 1731 vocabulum,

224 1760 305 1818 reete
325 1756 425 1819 docuit
445 1758 480 1817 B.

265 1983 337 2026 euro
361 1975 389 2025 et
414 1972 491 2026 melu
507 1967 636 2027 relevati.
660 1968 750 2042 ,Voe
769 1967 912 2027 relevatos
932 1968 964 2026 in
980 1967 1038 2027 hau
1060 1967 1249 2046 §praeterea
1266 1965 1313 2023 bis

224 2067 367 2146 oecurrit3
389 2066 532 2128 relevator
553 2069 638 2129 lolius
654 2086 749 2146 poeno
766 2074 797 2130 et
817 2069 943 2128 relevari
963 2070 1105 2129 videntur.
1146 2068 1248 2129 Oieero
1267 2085 1313 2127 so-

224 2172 267 2233 let
294 2173 339 2233 uti
363 2173 491 2251 simplici
517 2173 653 2234 levatos.''
675 2176 713 2233 R.
733 2208 774 2218 -
795 2173 828 2233 Si
842 2173 899 2234 hoe
916 2175 960 2235 ite
976 2173 1063 2234 dioit:
1084 2172 1256 2233 Ciceronem
1268 2172 1315 2231 uti

224 2293 285 2336 non
312 2277 406 2337 solere
436 2276 528 2338 verbo
555 2277 691 2356 relevare,
722 2278 859 2354 plurimis
888 2278 1033 2354 exemplis
1053 2276 1230 2336 eontrarium
1247 2292 1314 2352 pro-

224 2378 290 2438 bari
320 2384 431 2456 potest:
454 2380 501 2439 siu
522 2385 630 2458 autem,
651 2381 683 2439 in
703 2380 860 2457 participio
882 2379 1085 2440 tantummodo
1103 2377 1212 2438 imatos
1234 2377 1262 2438 el
1282 2378 1315 2437 in

224 2497 283 2541 usu
310 2497 385 2558 esse,
417 2486 536 2557 praeter
560 2482 639 2544 huno
667 2482 764 2542 locum
788 2483 817 2543 ei
838 2499 954 2559 oppono
984 2480 1315 2559 Orat.cao11,4,u;

224 2599 321 2660 neque
351 2584 444 2643 ullam
467 2584 651 2662 probabilem
675 2601 795 2644 eausam
821 2584 909 2644 video
937 2601 997 2662 eur,
1028 2602 1118 2660 quum
1150 2583 1240 2645 toties
1260 2581 1317 2643 hoo

224 2687 315 2749 verbo
342 2692 452 2767 utatur,
478 2690 635 2766 participio
663 2688 806 2748 relevatos
833 2689 952 2748 omnino
982 2689 1012 2750 ei
1032 2689 1072 2749 sit
1096 2687 1313 2750 abstinendum.

224 2790 325 2852 Etiam
352 2791 459 2876 Bootis
482 2792 585 2870 copiae
617 2792 778 2854 Tullianae
799 2810 859 2852 non
877 2809 944 2854 esse
964 2792 1091 2871 videtur,
1111 2790 1192 2851 iolro
1209 2807 1317 2869 pausos

225 2912 323 2954 versos
355 2900 398 2953 ter
428 2894 472 2955 oti
503 2895 599 2955 eodem
625 2895 717 2975 oerlo,
748 2895 869 2957 relevati
888 2929 928 2940 -
948 2895 1073 2955 relevari
1092 2928 1133 2940 —
1152 2893 1313 2972 relevator,

225 2999 277 3078 qui
304 3001 405 3061 verius
437 3002 545 3063 saltem
561 3002 701 3082 loquitur,
722 3020 812 3080 quam
832 3004 879 3081 R,
900 3002 952 3080 qui
971 3019 1029 3061 ooo.
1048 2999 1190 3059 relevatos
1205 3005 1251 3060 ter
1268 3016 1315 3059 oe-

225 3104 429 3166 currerefalso
449 3106 609 3166 eontendit.
631 3105 692 3166 Sed
712 3107 786 3182 quid
805 3106 912 3184 obstat,
933 3104 1088 3181 quominus
1103 3103 1228 3179 scriptor
1238 3102 1318 3163 idem

225 3207 357 3287 verbum,
389 3208 416 3269 si
436 3208 585 3269 sententia
602 3208 667 3287 lert,
689 3210 809 3287 saepius
830 3212 958 3287 repetat,
978 3207 1065 3266 modo
1083 3210 1198 3284 caveat,
1216 3223 1255 3265 ue
1272 3204 1318 3264 in-

226 3315 329 3385 gratus
360 3310 430 3370 iude
461 3328 552 3372 sonus
583 3312 717 3372 oriatur?
751 3312 836 3371 euius
868 3312 911 3371 rei
938 3310 1087 3388 permulto
1124 3326 1142 3368 e
1177 3307 1318 3370 Cicerone

226 3413 364 3491 exempla
383 3411 507 3491 proferri
523 3430 611 3490 posse
631 3413 777 3472 existimo.
801 3412 889 3485 Quod
910 3417 1009 3472 autem
1019 3411 1050 3471 h.
1061 3413 1082 3470 l
1095 3411 1175 3471 idem
1196 3410 1318 3472 verbum

226 3517 360 3595 reemrit,
392 3515 485 3575 morbi
502 3516 682 3593 comparatio
706 3513 787 3592 feeit,
807 3513 860 3572 ubi
885 3512 924 3571 ad
945 3513 1169 3573 similitudinem
1186 3513 1319 3573 indicau-

231 3622 302 3682 dam
323 3620 426 3683 eodem
446 3620 537 3681 verbo
555 3619 697 3681 utendum
721 3622 793 3677 erat.
836 3616 890 3675 Nil
907 3633 982 3694 opus
995 3615 1087 3689 igitur
1107 3632 1174 3674 esse
1191 3614 1319 3694 videtur,

227 3745 281 3805 pro
301 3726 422 3787 relevati
442 3727 577 3803 legamus
597 3723 736 3802 relomoli,
755 3739 852 3800 neque
870 3721 1017 3781 rationem
1037 3719 1139 3799 probo,
1160 3738 1250 3798 quam
1267 3720 1318 3780 ed-

227 3827 274 3889 uit
289 3828 338 3887 B.:
352 3827 449 3904 ,quod
466 3833 586 3905 propter
602 3826 696 3887 verba
712 3825 751 3884 ad
765 3825 846 3884 breve
860 3824 1003 3903 quoddam
1014 3829 1123 3900 tempos
1133 3823 1319 3901 aptissimum

229 3930 307 4008 esl3²’
339 3946 399 3988 non
426 3929 514 3990 video
535 3930 622 4007 enim,
644 3930 695 4005 qui
716 3927 849 3988 relooooi
869 3928 1019 4005 possimus
1040 3926 1079 3988 od
1094 3926 1175 3986 breve
1195 3932 1316 4005 tempor,

228 4052 289 4098 nou
318 4031 452 4093 relevari.
494 4033 574 4094 Tum
602 4048 682 4110 rora,
710 4037 795 4112 melo,
823 4032 892 4092 eliis
923 4032 1015 4095 enimi
1045 4031 1174 4095 motibus
1195 4030 1320 4090 relevari

229 4141 323 4204 multo
343 4139 463 4217 quidem
487 4139 594 4199 melius
612 4137 671 4199 diei
685 4135 818 4217 arbitror,
839 4155 929 4216 quom
945 4135 1087 4215 relaxari,
1109 4137 1194 4198 ouius
1215 4152 1315 4199 exem·

232 4245 284 4324 ple
304 4263 351 4307 me
369 4243 470 4306 videre
488 4261 547 4306 non
567 4242 697 4304 memini.
