<?xml version="1.0" encoding="UTF-8"?>
<!DOCTYPE html PUBLIC "-//W3C//DTD XHTML 1.0 Transitional//EN"
    "http://www.w3.org/TR/xhtml1/DTD/xhtml1-transitional.dtd">
<html xmlns="http://www.w3.org/1999/xhtml" xml:lang="en" lang="en">
 <head>
  <title>
</title>
<meta http-equiv="Content-Type" content="text/html;charset=utf-8" />
  <meta name='ocr-system' content='tesseract 3.04.00' />
  <meta name='ocr-capabilities' content='ocr_page ocr_carea ocr_par ocr_line ocrx_word'/>
</head>
<body>
  <div class='ocr_page' id='page_1' title='image "./epistolacritica00epkegoog_0097.png"; bbox 0 0 3086 5192; ppageno 0'>
   <div class='ocr_carea' id='block_1_1' title="bbox 755 477 795 535">
    <p class='ocr_par' dir='ltr' id='par_1_1' title="bbox 755 477 795 535">
     <span class='ocr_line' id='line_1_1' title="bbox 755 477 795 535; baseline 0 0"><span class='ocrx_word' id='word_1_1' title='bbox 755 477 795 535; x_wconf 82' lang='lat'>88</span> 
     </span>
    </p>
   </div>
   <div class='ocr_carea' id='block_1_2' title="bbox 227 630 1320 1023">
    <p class='ocr_par' dir='ltr' id='par_1_2' title="bbox 227 630 1320 1023">
     <span class='ocr_line' id='line_1_2' title="bbox 229 630 1320 714; baseline -0.005 -22"><span class='ocrx_word' id='word_1_2' title='bbox 229 631 300 693; x_wconf 84' lang='lat' dir='ltr'>dum</span> <span class='ocrx_word' id='word_1_3' title='bbox 317 637 424 695; x_wconf 86' lang='lat' dir='ltr'>tractet</span> <span class='ocrx_word' id='word_1_4' title='bbox 445 633 587 714; x_wconf 81' lang='lat' dir='ltr'>singulas,</span> <span class='ocrx_word' id='word_1_5' title='bbox 608 632 728 695; x_wconf 83' lang='lat' dir='ltr'>difficile</span> <span class='ocrx_word' id='word_1_6' title='bbox 749 633 831 697; x_wconf 88' lang='lat' dir='ltr'>dictu</span> <span class='ocrx_word' id='word_1_7' title='bbox 857 637 903 694; x_wconf 92' lang='lat' dir='ltr'>est</span> <span class='ocrx_word' id='word_1_8' title='bbox 920 631 950 692; x_wconf 91' lang='lat' dir='ltr'>h.</span> <span class='ocrx_word' id='word_1_9' title='bbox 972 631 1013 690; x_wconf 88' lang='lat' dir='ltr'>l.:</span> <span class='ocrx_word' id='word_1_10' title='bbox 1034 647 1090 692; x_wconf 91' lang='lat' dir='ltr'>nec</span> <span class='ocrx_word' id='word_1_11' title='bbox 1108 630 1187 691; x_wconf 85' lang='lat' dir='ltr'>eninr</span> <span class='ocrx_word' id='word_1_12' title='bbox 1201 642 1320 708; x_wconf 85' lang='lat' dir='ltr'>semper</span> 
     </span>
     <span class='ocr_line' id='line_1_3' title="bbox 227 731 1319 813; baseline -0.005 -17"><span class='ocrx_word' id='word_1_13' title='bbox 227 739 393 797; x_wconf 77' lang='lat' dir='ltr'>tractantur</span> <span class='ocrx_word' id='word_1_14' title='bbox 406 753 465 797; x_wconf 89' lang='grc'><strong>11111</strong></span> <span class='ocrx_word' id='word_1_15' title='bbox 484 737 580 797; x_wconf 90' lang='lat' dir='ltr'>modo.</span> <span class='ocrx_word' id='word_1_16' title='bbox 601 769 642 779; x_wconf 94' lang='lat'><em>-</em></span> <span class='ocrx_word' id='word_1_17' title='bbox 662 736 746 798; x_wconf 92' lang='lat' dir='ltr'>Haec</span> <span class='ocrx_word' id='word_1_18' title='bbox 756 738 835 797; x_wconf 90' lang='lat' dir='ltr'>enim</span> <span class='ocrx_word' id='word_1_19' title='bbox 846 735 995 813; x_wconf 79' lang='lat' dir='ltr'>sapientia</span> <span class='ocrx_word' id='word_1_20' title='bbox 1008 734 1136 794; x_wconf 80' lang='lat' dir='ltr'>maxime</span> <span class='ocrx_word' id='word_1_21' title='bbox 1146 731 1319 793; x_wconf 86' lang='lat' dir='ltr'>adhibenda</span> 
     </span>
     <span class='ocr_line' id='line_1_4' title="bbox 228 836 1316 919; baseline -0.005 -19"><span class='ocrx_word' id='word_1_22' title='bbox 228 840 379 917; x_wconf 79' lang='lat' dir='ltr'>eloquenti</span> <span class='ocrx_word' id='word_1_23' title='bbox 399 844 454 919; x_wconf 86' lang='lat' dir='ltr'>est,</span> <span class='ocrx_word' id='word_1_24' title='bbox 475 845 509 902; x_wconf 86' lang='lat' dir='ltr'>ut</span> <span class='ocrx_word' id='word_1_25' title='bbox 528 842 569 902; x_wconf 90' lang='lat' dir='ltr'>sit</span> <span class='ocrx_word' id='word_1_26' title='bbox 584 846 748 918; x_wconf 88' lang='lat' dir='ltr'>temporum</span> <span class='ocrx_word' id='word_1_27' title='bbox 768 856 1018 918; x_wconf 76' lang='lat' dir='ltr'>personarumque</span> <span class='ocrx_word' id='word_1_28' title='bbox 1040 838 1215 899; x_wconf 82' lang='lat' dir='ltr'>moderator.</span> <span class='ocrx_word' id='word_1_29' title='bbox 1235 836 1316 895; x_wconf 86' lang='lat' dir='ltr'>Nam</span> 
     </span>
     <span class='ocr_line' id='line_1_5' title="bbox 227 940 1315 1023; baseline -0.005 -20"><span class='ocrx_word' id='word_1_30' title='bbox 227 960 283 1005; x_wconf 90' lang='lat' dir='ltr'>nec</span> <span class='ocrx_word' id='word_1_31' title='bbox 300 961 424 1023; x_wconf 88' lang='lat' dir='ltr'>semper,</span> <span class='ocrx_word' id='word_1_32' title='bbox 445 961 501 1005; x_wconf 92' lang='lat' dir='ltr'>nec</span> <span class='ocrx_word' id='word_1_33' title='bbox 521 945 602 1022; x_wconf 87' lang='lat' dir='ltr'>apud</span> <span class='ocrx_word' id='word_1_34' title='bbox 622 963 732 1023; x_wconf 90' lang='lat' dir='ltr'>omnes,</span> <span class='ocrx_word' id='word_1_35' title='bbox 753 962 810 1005; x_wconf 89' lang='lat' dir='ltr'>nec</span> <span class='ocrx_word' id='word_1_36' title='bbox 830 948 933 1004; x_wconf 87' lang='lat' dir='ltr'>contra</span> <span class='ocrx_word' id='word_1_37' title='bbox 950 959 1060 1020; x_wconf 89' lang='lat' dir='ltr'>omnes,</span> <span class='ocrx_word' id='word_1_38' title='bbox 1080 959 1136 1001; x_wconf 91' lang='lat' dir='ltr'>nec</span> <span class='ocrx_word' id='word_1_39' title='bbox 1156 958 1209 1019; x_wconf 93' lang='lat' dir='ltr'>pro</span> <span class='ocrx_word' id='word_1_40' title='bbox 1221 940 1315 1000; x_wconf 87' lang='lat' dir='ltr'>omni·</span> 
     </span>
    </p>
   </div>
   <div class='ocr_carea' id='block_1_3' title="bbox 226 1043 1320 4539">
    <p class='ocr_par' dir='ltr' id='par_1_3' title="bbox 226 1043 1320 4539">
     <span class='ocr_line' id='line_1_6' title="bbox 227 1043 1316 1123; baseline -0.004 -16"><span class='ocrx_word' id='word_1_41' title='bbox 227 1047 285 1107; x_wconf 88' lang='lat' dir='ltr'>bue</span> <span class='ocrx_word' id='word_1_42' title='bbox 302 1047 405 1108; x_wconf 87' lang='lat' dir='ltr'>eodem</span> <span class='ocrx_word' id='word_1_43' title='bbox 425 1048 681 1109; x_wconf 87' lang='lat' dir='ltr'>mododiceudum</span> <span class='ocrx_word' id='word_1_44' title='bbox 698 1049 835 1109; x_wconf 88' lang='lat' dir='ltr'>arbitror.</span> <span class='ocrx_word' id='word_1_45' title='bbox 876 1049 907 1107; x_wconf 91' lang='lat' dir='ltr'>Is</span> <span class='ocrx_word' id='word_1_46' title='bbox 928 1048 986 1107; x_wconf 88' lang='lat' dir='ltr'>erit</span> <span class='ocrx_word' id='word_1_47' title='bbox 1003 1064 1074 1123; x_wconf 83' lang='lat' dir='ltr'>ergo</span> <span class='ocrx_word' id='word_1_48' title='bbox 1096 1046 1245 1123; x_wconf 88' lang='lat' dir='ltr'>eloquens,</span> <span class='ocrx_word' id='word_1_49' title='bbox 1263 1043 1316 1119; x_wconf 87' lang='lat' dir='ltr'>qui</span> 
     </span>
     <span class='ocr_line' id='line_1_7' title="bbox 226 1138 1312 1230; baseline -0.004 -21"><span class='ocrx_word' id='word_1_50' title='bbox 226 1150 323 1228; x_wconf 84' lang='lat' dir='ltr'>adid,</span> <span class='ocrx_word' id='word_1_51' title='bbox 354 1150 549 1228; x_wconf 83' lang='lat' dir='ltr'>quodcunque</span> <span class='ocrx_word' id='word_1_52' title='bbox 576 1151 702 1230; x_wconf 90' lang='lat' dir='ltr'>decebit,</span> <span class='ocrx_word' id='word_1_53' title='bbox 725 1138 839 1229; x_wconf 59' lang='lat' dir='ltr'>&#39;poterit</span> <span class='ocrx_word' id='word_1_54' title='bbox 867 1149 1087 1211; x_wconf 89' lang='lat' dir='ltr'>accommodare</span> <span class='ocrx_word' id='word_1_55' title='bbox 1120 1146 1312 1208; x_wconf 85' lang='lat' dir='ltr'>orationem.’&#39;</span> 
     </span>
     <span class='ocr_line' id='line_1_8' title="bbox 227 1252 1317 1333; baseline -0.002 -20"><span class='ocrx_word' id='word_1_56' title='bbox 227 1252 302 1314; x_wconf 87' lang='lat' dir='ltr'>Mihi</span> <span class='ocrx_word' id='word_1_57' title='bbox 327 1271 397 1314; x_wconf 86' lang='lat' dir='ltr'>vero</span> <span class='ocrx_word' id='word_1_58' title='bbox 417 1254 496 1315; x_wconf 87' lang='lat' dir='ltr'>hanc</span> <span class='ocrx_word' id='word_1_59' title='bbox 520 1256 736 1333; x_wconf 84' lang='lat' dir='ltr'>perorationem</span> <span class='ocrx_word' id='word_1_60' title='bbox 760 1255 800 1315; x_wconf 86' lang='lat' dir='ltr'>ad</span> <span class='ocrx_word' id='word_1_61' title='bbox 817 1255 849 1315; x_wconf 86' lang='lat' dir='ltr'>id</span> <span class='ocrx_word' id='word_1_62' title='bbox 867 1255 946 1331; x_wconf 86' lang='lat' dir='ltr'>quod</span> <span class='ocrx_word' id='word_1_63' title='bbox 966 1253 1091 1314; x_wconf 88' lang='lat' dir='ltr'>decebat</span> <span class='ocrx_word' id='word_1_64' title='bbox 1112 1253 1186 1312; x_wconf 88' lang='lat' dir='ltr'>satis</span> <span class='ocrx_word' id='word_1_65' title='bbox 1203 1268 1317 1312; x_wconf 87' lang='lat' dir='ltr'>accom-</span> 
     </span>
     <span class='ocr_line' id='line_1_9' title="bbox 227 1355 1317 1439; baseline 0 -23"><span class='ocrx_word' id='word_1_66' title='bbox 227 1356 365 1417; x_wconf 88' lang='lat' dir='ltr'>modasse</span> <span class='ocrx_word' id='word_1_67' title='bbox 385 1363 483 1420; x_wconf 88' lang='lat' dir='ltr'>orator</span> <span class='ocrx_word' id='word_1_68' title='bbox 500 1359 627 1439; x_wconf 83' lang='lat' dir='ltr'>videtur,</span> <span class='ocrx_word' id='word_1_69' title='bbox 647 1377 703 1420; x_wconf 93' lang='lat' dir='ltr'>nec</span> <span class='ocrx_word' id='word_1_70' title='bbox 716 1364 863 1436; x_wconf 88' lang='lat' dir='ltr'>quatenus</span> <span class='ocrx_word' id='word_1_71' title='bbox 885 1359 924 1418; x_wconf 91' lang='lat' dir='ltr'>ab</span> <span class='ocrx_word' id='word_1_72' title='bbox 941 1358 1067 1417; x_wconf 87' lang='lat' dir='ltr'>aliarum</span> <span class='ocrx_word' id='word_1_73' title='bbox 1087 1355 1179 1417; x_wconf 87' lang='lat' dir='ltr'>huius</span> <span class='ocrx_word' id='word_1_74' title='bbox 1198 1356 1317 1432; x_wconf 82' lang='lat' dir='ltr'>generis</span> 
     </span>
     <span class='ocr_line' id='line_1_10' title="bbox 227 1458 1316 1542; baseline -0.001 -22"><span class='ocrx_word' id='word_1_75' title='bbox 227 1460 401 1539; x_wconf 89' lang='lat' dir='ltr'>orationmn,</span> <span class='ocrx_word' id='word_1_76' title='bbox 422 1479 448 1521; x_wconf 88' lang='lat' dir='ltr'>e.</span> <span class='ocrx_word' id='word_1_77' title='bbox 469 1479 513 1537; x_wconf 81' lang='lat' dir='ltr'>gr.</span> <span class='ocrx_word' id='word_1_78' title='bbox 534 1461 772 1542; x_wconf 85' lang='lat' dir='ltr'>philippicarum,</span> <span class='ocrx_word' id='word_1_79' title='bbox 793 1462 920 1541; x_wconf 79' lang='lat' dir='ltr'>epilogis</span> <span class='ocrx_word' id='word_1_80' title='bbox 940 1466 1094 1538; x_wconf 89' lang='lat' dir='ltr'>tantopere</span> <span class='ocrx_word' id='word_1_81' title='bbox 1119 1460 1245 1538; x_wconf 87' lang='lat' dir='ltr'>differat,</span> <span class='ocrx_word' id='word_1_82' title='bbox 1266 1458 1316 1519; x_wconf 85' lang='lat' dir='ltr'>de-</span> 
     </span>
     <span class='ocr_line' id='line_1_11' title="bbox 228 1564 1318 1645; baseline 0 -22"><span class='ocrx_word' id='word_1_83' title='bbox 228 1564 411 1642; x_wconf 88' lang='lat' dir='ltr'>prehendere</span> <span class='ocrx_word' id='word_1_84' title='bbox 428 1568 522 1642; x_wconf 89' lang='lat' dir='ltr'>potui.</span> <span class='ocrx_word' id='word_1_85' title='bbox 564 1565 612 1626; x_wconf 87' lang='lat' dir='ltr'>Ab</span> <span class='ocrx_word' id='word_1_86' title='bbox 627 1585 662 1627; x_wconf 89' lang='lat' dir='ltr'>co</span> <span class='ocrx_word' id='word_1_87' title='bbox 682 1572 792 1645; x_wconf 86' lang='lat' dir='ltr'>tamen,</span> <span class='ocrx_word' id='word_1_88' title='bbox 813 1568 864 1643; x_wconf 91' lang='lat' dir='ltr'>qui</span> <span class='ocrx_word' id='word_1_89' title='bbox 885 1571 978 1626; x_wconf 90' lang='lat' dir='ltr'>totam</span> <span class='ocrx_word' id='word_1_90' title='bbox 989 1565 1151 1625; x_wconf 91' lang='lat' dir='ltr'>orationem</span> <span class='ocrx_word' id='word_1_91' title='bbox 1165 1564 1318 1639; x_wconf 81' lang='lat' dir='ltr'>incognita</span> 
     </span>
     <span class='ocr_line' id='line_1_12' title="bbox 228 1667 1319 1748; baseline 0 -20"><span class='ocrx_word' id='word_1_92' title='bbox 228 1685 320 1728; x_wconf 87' lang='lat' dir='ltr'>causa</span> <span class='ocrx_word' id='word_1_93' title='bbox 337 1669 531 1747; x_wconf 86' lang='lat' dir='ltr'>damnaverit,</span> <span class='ocrx_word' id='word_1_94' title='bbox 552 1669 625 1747; x_wconf 82' lang='lat' dir='ltr'>quid</span> <span class='ocrx_word' id='word_1_95' title='bbox 645 1671 676 1729; x_wconf 90' lang='lat' dir='ltr'>in</span> <span class='ocrx_word' id='word_1_96' title='bbox 696 1670 881 1748; x_wconf 88' lang='lat' dir='ltr'>peroratione</span> <span class='ocrx_word' id='word_1_97' title='bbox 903 1669 962 1728; x_wconf 90' lang='lat' dir='ltr'>dici</span> <span class='ocrx_word' id='word_1_98' title='bbox 977 1667 1083 1728; x_wconf 91' lang='lat' dir='ltr'>deccat</span> <span class='ocrx_word' id='word_1_99' title='bbox 1100 1667 1225 1728; x_wconf 88' lang='lat' dir='ltr'>iudicari</span> <span class='ocrx_word' id='word_1_100' title='bbox 1235 1667 1319 1729; x_wconf 87' lang='lat' dir='ltr'>nullo</span> 
     </span>
     <span class='ocr_line' id='line_1_13' title="bbox 232 1769 1317 1849; baseline -0.001 -19"><span class='ocrx_word' id='word_1_101' title='bbox 232 1769 319 1830; x_wconf 92' lang='lat' dir='ltr'>modo</span> <span class='ocrx_word' id='word_1_102' title='bbox 339 1788 427 1848; x_wconf 89' lang='lat' dir='ltr'>posse</span> <span class='ocrx_word' id='word_1_103' title='bbox 447 1789 562 1833; x_wconf 87' lang='lat' dir='ltr'>mecum</span> <span class='ocrx_word' id='word_1_104' title='bbox 579 1773 742 1848; x_wconf 77' lang='lat' dir='ltr'>intelligis:</span> <span class='ocrx_word' id='word_1_105' title='bbox 764 1773 816 1849; x_wconf 87' lang='lat' dir='ltr'>qui</span> <span class='ocrx_word' id='word_1_106' title='bbox 825 1772 936 1832; x_wconf 90' lang='lat' dir='ltr'>talibus</span> <span class='ocrx_word' id='word_1_107' title='bbox 948 1771 1038 1831; x_wconf 89' lang='lat' dir='ltr'>etiam</span> <span class='ocrx_word' id='word_1_108' title='bbox 1059 1771 1240 1845; x_wconf 77' lang='lat' dir='ltr'>argmnentis</span> <span class='ocrx_word' id='word_1_109' title='bbox 1251 1786 1317 1830; x_wconf 90' lang='lat' dir='ltr'>sen·</span> 
     </span>
     <span class='ocr_line' id='line_1_14' title="bbox 229 1875 1318 1952; baseline -0.002 -17"><span class='ocrx_word' id='word_1_110' title='bbox 229 1875 355 1935; x_wconf 90' lang='lat' dir='ltr'>tentiam</span> <span class='ocrx_word' id='word_1_111' title='bbox 382 1893 466 1936; x_wconf 89' lang='lat' dir='ltr'>suam</span> <span class='ocrx_word' id='word_1_112' title='bbox 490 1876 662 1939; x_wconf 88' lang='lat' dir='ltr'>confirmare</span> <span class='ocrx_word' id='word_1_113' title='bbox 690 1894 780 1937; x_wconf 90' lang='lat' dir='ltr'>ansus</span> <span class='ocrx_word' id='word_1_114' title='bbox 811 1881 867 1938; x_wconf 79' lang='lat' dir='ltr'>est.</span> <span class='ocrx_word' id='word_1_115' title='bbox 920 1876 1048 1950; x_wconf 81' lang='lat' dir='ltr'>,Totum</span> <span class='ocrx_word' id='word_1_116' title='bbox 1076 1878 1165 1952; x_wconf 88' lang='lat' dir='ltr'>caput</span> <span class='ocrx_word' id='word_1_117' title='bbox 1181 1875 1318 1934; x_wconf 88' lang='lat' dir='ltr'>ultimmn</span> 
     </span>
     <span class='ocr_line' id='line_1_15' title="bbox 230 1976 1317 2059; baseline -0.003 -21"><span class='ocrx_word' id='word_1_118' title='bbox 230 1979 372 2058; x_wconf 80' lang='lat' dir='ltr'>languet3</span> <span class='ocrx_word' id='word_1_119' title='bbox 404 1980 443 2040; x_wconf 86' lang='lat' dir='ltr'>ad</span> <span class='ocrx_word' id='word_1_120' title='bbox 464 1980 634 2059; x_wconf 77' lang='lat' dir='ltr'>Catilinam,</span> <span class='ocrx_word' id='word_1_121' title='bbox 655 1981 791 2057; x_wconf 85' lang='lat' dir='ltr'>quamvis</span> <span class='ocrx_word' id='word_1_122' title='bbox 816 1981 847 2038; x_wconf 94' lang='lat' dir='ltr'>in</span> <span class='ocrx_word' id='word_1_123' title='bbox 868 1997 936 2039; x_wconf 90' lang='lat' dir='ltr'>eum</span> <span class='ocrx_word' id='word_1_124' title='bbox 957 1979 1051 2038; x_wconf 85' lang='lat' dir='ltr'>oratic</span> <span class='ocrx_word' id='word_1_125' title='bbox 1067 1977 1223 2054; x_wconf 88' lang='lat' dir='ltr'>habeatur,</span> <span class='ocrx_word' id='word_1_126' title='bbox 1240 1976 1317 2036; x_wconf 91' lang='lat' dir='ltr'>nihil</span> 
     </span>
     <span class='ocr_line' id='line_1_16' title="bbox 227 2079 1317 2159; baseline 0 -19"><span class='ocrx_word' id='word_1_127' title='bbox 227 2080 305 2140; x_wconf 85' lang='lat' dir='ltr'>dixit</span> <span class='ocrx_word' id='word_1_128' title='bbox 326 2085 432 2159; x_wconf 88' lang='lat' dir='ltr'>orator,</span> <span class='ocrx_word' id='word_1_129' title='bbox 453 2082 512 2142; x_wconf 91' lang='lat' dir='ltr'>nisi</span> <span class='ocrx_word' id='word_1_130' title='bbox 529 2081 623 2143; x_wconf 88' lang='lat' dir='ltr'>haec:</span> <span class='ocrx_word' id='word_1_131' title='bbox 645 2083 736 2143; x_wconf 88' lang='lat' dir='ltr'>Hisce</span> <span class='ocrx_word' id='word_1_132' title='bbox 758 2081 905 2142; x_wconf 86' lang='lat' dir='ltr'>ominibus</span> <span class='ocrx_word' id='word_1_133' title='bbox 922 2080 1053 2141; x_wconf 77' lang='lat' dir='ltr'>Catilina</span> <span class='ocrx_word' id='word_1_134' title='bbox 1072 2112 1113 2125; x_wconf 86' lang='lat'>-</span> <span class='ocrx_word' id='word_1_135' title='bbox 1132 2079 1317 2157; x_wconf 89' lang='lat' dir='ltr'>proficiscere</span> 
     </span>
     <span class='ocr_line' id='line_1_17' title="bbox 228 2184 1317 2263; baseline 0.001 -19"><span class='ocrx_word' id='word_1_136' title='bbox 228 2185 268 2244; x_wconf 89' lang='lat' dir='ltr'>ad</span> <span class='ocrx_word' id='word_1_137' title='bbox 289 2185 412 2263; x_wconf 87' lang='lat' dir='ltr'>impium</span> <span class='ocrx_word' id='word_1_138' title='bbox 442 2186 553 2246; x_wconf 87' lang='lat' dir='ltr'>bellum</span> <span class='ocrx_word' id='word_1_139' title='bbox 582 2206 618 2247; x_wconf 88' lang='lat' dir='ltr'>ac</span> <span class='ocrx_word' id='word_1_140' title='bbox 644 2187 799 2248; x_wconf 84' lang='lat' dir='ltr'>nefarium.</span> <span class='ocrx_word' id='word_1_141' title='bbox 842 2187 1076 2247; x_wconf 87' lang='lat' dir='ltr'>Praemittuntnr</span> <span class='ocrx_word' id='word_1_142' title='bbox 1095 2203 1192 2263; x_wconf 87' lang='lat' dir='ltr'>pauca</span> <span class='ocrx_word' id='word_1_143' title='bbox 1212 2184 1253 2244; x_wconf 90' lang='lat' dir='ltr'>ad</span> <span class='ocrx_word' id='word_1_144' title='bbox 1272 2201 1317 2245; x_wconf 90' lang='lat' dir='ltr'>se·</span> 
     </span>
     <span class='ocr_line' id='line_1_18' title="bbox 228 2287 1319 2368; baseline 0.002 -23"><span class='ocrx_word' id='word_1_145' title='bbox 228 2291 356 2366; x_wconf 80' lang='lat' dir='ltr'>ratores,</span> <span class='ocrx_word' id='word_1_146' title='bbox 377 2287 417 2346; x_wconf 83' lang='lat' dir='ltr'>ad</span> <span class='ocrx_word' id='word_1_147' title='bbox 434 2304 508 2364; x_wconf 84' lang='lat' dir='ltr'>quos</span> <span class='ocrx_word' id='word_1_148' title='bbox 529 2289 562 2347; x_wconf 82' lang='lat' dir='ltr'>io</span> <span class='ocrx_word' id='word_1_149' title='bbox 578 2290 674 2349; x_wconf 89' lang='lat' dir='ltr'>tribus</span> <span class='ocrx_word' id='word_1_150' title='bbox 692 2290 842 2367; x_wconf 89' lang='lat' dir='ltr'>capitibus</span> <span class='ocrx_word' id='word_1_151' title='bbox 862 2289 1061 2368; x_wconf 85' lang='lat' dir='ltr'>superioribus</span> <span class='ocrx_word' id='word_1_152' title='bbox 1079 2288 1319 2349; x_wconf 87' lang='lat' dir='ltr'>continuoverba</span> 
     </span>
     <span class='ocr_line' id='line_1_19' title="bbox 229 2390 1319 2470; baseline 0 -21"><span class='ocrx_word' id='word_1_153' title='bbox 229 2390 309 2468; x_wconf 84' lang='lat' dir='ltr'>fecit,</span> <span class='ocrx_word' id='word_1_154' title='bbox 331 2395 456 2467; x_wconf 85' lang='lat' dir='ltr'>excepta</span> <span class='ocrx_word' id='word_1_155' title='bbox 470 2392 586 2468; x_wconf 89' lang='lat' dir='ltr'>patriae</span> <span class='ocrx_word' id='word_1_156' title='bbox 604 2394 788 2470; x_wconf 84' lang='lat' dir='ltr'>querimonia</span> <span class='ocrx_word' id='word_1_157' title='bbox 803 2392 840 2452; x_wconf 90' lang='lat' dir='ltr'>de</span> <span class='ocrx_word' id='word_1_158' title='bbox 857 2390 1007 2470; x_wconf 74' lang='lat' dir='ltr'>Cicerone,</span> <span class='ocrx_word' id='word_1_159' title='bbox 1028 2392 1072 2452; x_wconf 92' lang='lat' dir='ltr'>ita</span> <span class='ocrx_word' id='word_1_160' title='bbox 1081 2394 1115 2450; x_wconf 87' lang='lat' dir='ltr'>ut</span> <span class='ocrx_word' id='word_1_161' title='bbox 1125 2390 1248 2469; x_wconf 90' lang='lat' dir='ltr'>diceres,</span> <span class='ocrx_word' id='word_1_162' title='bbox 1258 2407 1319 2450; x_wconf 91' lang='lat' dir='ltr'>non</span> 
     </span>
     <span class='ocr_line' id='line_1_20' title="bbox 228 2491 1318 2571; baseline -0.003 -17"><span class='ocrx_word' id='word_1_163' title='bbox 228 2492 386 2571; x_wconf 87' lang='lat' dir='ltr'>Catilinae,</span> <span class='ocrx_word' id='word_1_164' title='bbox 408 2493 461 2552; x_wconf 90' lang='lat' dir='ltr'>sed</span> <span class='ocrx_word' id='word_1_165' title='bbox 479 2499 648 2554; x_wconf 88' lang='lat' dir='ltr'>senatorum</span> <span class='ocrx_word' id='word_1_166' title='bbox 666 2512 758 2555; x_wconf 88' lang='lat' dir='ltr'>causa</span> <span class='ocrx_word' id='word_1_167' title='bbox 777 2494 852 2555; x_wconf 84' lang='lat' dir='ltr'>haec</span> <span class='ocrx_word' id='word_1_168' title='bbox 870 2511 936 2554; x_wconf 91' lang='lat' dir='ltr'>esse</span> <span class='ocrx_word' id='word_1_169' title='bbox 957 2493 1097 2571; x_wconf 88' lang='lat' dir='ltr'>scripta.&#39;’</span> <span class='ocrx_word' id='word_1_170' title='bbox 1118 2525 1159 2536; x_wconf 87' lang='lat'>-</span> <span class='ocrx_word' id='word_1_171' title='bbox 1179 2493 1224 2553; x_wconf 79' lang='lat' dir='ltr'>Ac</span> <span class='ocrx_word' id='word_1_172' title='bbox 1241 2491 1318 2551; x_wconf 82' lang='lat' dir='ltr'>Coti·</span> 
     </span>
     <span class='ocr_line' id='line_1_21' title="bbox 230 2594 1318 2673; baseline 0 -19"><span class='ocrx_word' id='word_1_173' title='bbox 230 2594 322 2656; x_wconf 78' lang='grc'><strong>111111</strong></span> <span class='ocrx_word' id='word_1_174' title='bbox 338 2594 418 2655; x_wconf 81' lang='lat' dir='ltr'>cibit</span> <span class='ocrx_word' id='word_1_175' title='bbox 434 2595 511 2655; x_wconf 74' lang='lat' dir='ltr'>dicit</span> <span class='ocrx_word' id='word_1_176' title='bbox 531 2596 590 2656; x_wconf 80' lang='lat' dir='ltr'>nisi</span> <span class='ocrx_word' id='word_1_177' title='bbox 617 2602 673 2657; x_wconf 87' lang='lat' dir='ltr'>cet.</span> <span class='ocrx_word' id='word_1_178' title='bbox 715 2596 796 2670; x_wconf 78' lang='lat' dir='ltr'>Quid</span> <span class='ocrx_word' id='word_1_179' title='bbox 815 2598 908 2673; x_wconf 85' lang='lat' dir='ltr'>igitur</span> <span class='ocrx_word' id='word_1_180' title='bbox 935 2596 1063 2673; x_wconf 88' lang='lat' dir='ltr'>amplius</span> <span class='ocrx_word' id='word_1_181' title='bbox 1083 2595 1113 2655; x_wconf 91' lang='grc'>11.</span> <span class='ocrx_word' id='word_1_182' title='bbox 1135 2596 1157 2655; x_wconf 91' lang='lat' dir='ltr'>l.</span> <span class='ocrx_word' id='word_1_183' title='bbox 1177 2596 1217 2656; x_wconf 87' lang='lat' dir='ltr'>ad</span> <span class='ocrx_word' id='word_1_184' title='bbox 1237 2594 1318 2655; x_wconf 89' lang='lat' dir='ltr'>Cati·</span> 
     </span>
     <span class='ocr_line' id='line_1_22' title="bbox 226 2700 1318 2781; baseline 0 -21"><span class='ocrx_word' id='word_1_185' title='bbox 226 2701 319 2760; x_wconf 88' lang='lat' dir='ltr'>linam</span> <span class='ocrx_word' id='word_1_186' title='bbox 339 2700 496 2760; x_wconf 88' lang='lat' dir='ltr'>dicendum</span> <span class='ocrx_word' id='word_1_187' title='bbox 518 2707 590 2781; x_wconf 88' lang='lat' dir='ltr'>erat,</span> <span class='ocrx_word' id='word_1_188' title='bbox 611 2706 680 2779; x_wconf 92' lang='lat' dir='ltr'>post</span> <span class='ocrx_word' id='word_1_189' title='bbox 697 2702 796 2762; x_wconf 90' lang='lat' dir='ltr'>omnia</span> <span class='ocrx_word' id='word_1_190' title='bbox 820 2719 896 2778; x_wconf 87' lang='lat' dir='ltr'>quae</span> <span class='ocrx_word' id='word_1_191' title='bbox 914 2701 1017 2762; x_wconf 89' lang='lat' dir='ltr'>decem</span> <span class='ocrx_word' id='word_1_192' title='bbox 1033 2701 1181 2779; x_wconf 80' lang='lat' dir='ltr'>capitibus</span> <span class='ocrx_word' id='word_1_193' title='bbox 1201 2701 1318 2762; x_wconf 89' lang='lat' dir='ltr'>adeum</span> 
     </span>
     <span class='ocr_line' id='line_1_23' title="bbox 229 2806 1317 2886; baseline 0 -20"><span class='ocrx_word' id='word_1_194' title='bbox 229 2806 345 2866; x_wconf 89' lang='lat' dir='ltr'>locutus</span> <span class='ocrx_word' id='word_1_195' title='bbox 362 2806 437 2866; x_wconf 79' lang='lat' dir='ltr'>est?</span> <span class='ocrx_word' id='word_1_196' title='bbox 459 2808 540 2866; x_wconf 89' lang='lat' dir='ltr'>Num</span> <span class='ocrx_word' id='word_1_197' title='bbox 561 2806 592 2865; x_wconf 90' lang='lat' dir='ltr'>in</span> <span class='ocrx_word' id='word_1_198' title='bbox 613 2807 746 2869; x_wconf 88' lang='lat' dir='ltr'>oratione</span> <span class='ocrx_word' id='word_1_199' title='bbox 763 2825 816 2884; x_wconf 90' lang='lat' dir='ltr'>pro</span> <span class='ocrx_word' id='word_1_200' title='bbox 834 2808 901 2884; x_wconf 86' lang='lat' dir='ltr'>lege</span> <span class='ocrx_word' id='word_1_201' title='bbox 911 2807 1046 2886; x_wconf 89' lang='lat' dir='ltr'>Manilia,</span> <span class='ocrx_word' id='word_1_202' title='bbox 1066 2824 1143 2885; x_wconf 83' lang='lat' dir='ltr'>quae</span> <span class='ocrx_word' id='word_1_203' title='bbox 1157 2813 1221 2868; x_wconf 91' lang='lat' dir='ltr'>tota</span> <span class='ocrx_word' id='word_1_204' title='bbox 1230 2808 1317 2867; x_wconf 91' lang='lat' dir='ltr'>Pom-</span> 
     </span>
     <span class='ocr_line' id='line_1_24' title="bbox 227 2910 1317 2991; baseline 0 -20"><span class='ocrx_word' id='word_1_205' title='bbox 227 2911 289 2990; x_wconf 93' lang='lat' dir='ltr'>peii</span> <span class='ocrx_word' id='word_1_206' title='bbox 309 2910 442 2972; x_wconf 87' lang='lat' dir='ltr'>laudatio</span> <span class='ocrx_word' id='word_1_207' title='bbox 467 2917 522 2991; x_wconf 90' lang='lat' dir='ltr'>cst,</span> <span class='ocrx_word' id='word_1_208' title='bbox 549 2913 581 2971; x_wconf 94' lang='lat' dir='ltr'>in</span> <span class='ocrx_word' id='word_1_209' title='bbox 606 2913 792 2991; x_wconf 87' lang='lat' dir='ltr'>peroratione</span> <span class='ocrx_word' id='word_1_210' title='bbox 818 2914 912 2973; x_wconf 87' lang='lat' dir='ltr'>multa</span> <span class='ocrx_word' id='word_1_211' title='bbox 929 2914 967 2973; x_wconf 92' lang='lat' dir='ltr'>dc</span> <span class='ocrx_word' id='word_1_212' title='bbox 991 2913 1133 2991; x_wconf 91' lang='lat' dir='ltr'>Pompeio</span> <span class='ocrx_word' id='word_1_213' title='bbox 1150 2911 1317 2972; x_wconf 77' lang='lat' dir='ltr'>dicuntur?</span> 
     </span>
     <span class='ocr_line' id='line_1_25' title="bbox 228 3014 1317 3095; baseline 0 -20"><span class='ocrx_word' id='word_1_214' title='bbox 228 3015 309 3075; x_wconf 79' lang='lat' dir='ltr'>Num</span> <span class='ocrx_word' id='word_1_215' title='bbox 323 3014 355 3073; x_wconf 91' lang='lat' dir='ltr'>in</span> <span class='ocrx_word' id='word_1_216' title='bbox 375 3015 443 3075; x_wconf 88' lang='lat' dir='ltr'>aliie</span> <span class='ocrx_word' id='word_1_217' title='bbox 459 3016 697 3093; x_wconf 83' lang='lat' dir='ltr'>perorationibus</span> <span class='ocrx_word' id='word_1_218' title='bbox 718 3016 756 3076; x_wconf 91' lang='lat' dir='ltr'>de</span> <span class='ocrx_word' id='word_1_219' title='bbox 778 3017 815 3075; x_wconf 90' lang='lat' dir='ltr'>iis</span> <span class='ocrx_word' id='word_1_220' title='bbox 836 3017 995 3095; x_wconf 87' lang='lat' dir='ltr'>praecipue</span> <span class='ocrx_word' id='word_1_221' title='bbox 1010 3015 1108 3075; x_wconf 89' lang='lat' dir='ltr'>dicere</span> <span class='ocrx_word' id='word_1_222' title='bbox 1119 3015 1195 3074; x_wconf 90' lang='lat' dir='ltr'>solet</span> <span class='ocrx_word' id='word_1_223' title='bbox 1204 3014 1317 3091; x_wconf 88' lang='lat' dir='ltr'>Cicero,</span> 
     </span>
     <span class='ocr_line' id='line_1_26' title="bbox 229 3116 1320 3198; baseline -0.002 -19"><span class='ocrx_word' id='word_1_224' title='bbox 229 3120 361 3198; x_wconf 89' lang='lat' dir='ltr'>inques,</span> <span class='ocrx_word' id='word_1_225' title='bbox 381 3121 431 3179; x_wconf 90' lang='lat' dir='ltr'>vel</span> <span class='ocrx_word' id='word_1_226' title='bbox 450 3138 507 3197; x_wconf 92' lang='lat' dir='ltr'>pro</span> <span class='ocrx_word' id='word_1_227' title='bbox 522 3121 631 3197; x_wconf 88' lang='lat' dir='ltr'>quibus</span> <span class='ocrx_word' id='word_1_228' title='bbox 653 3122 746 3181; x_wconf 90' lang='lat' dir='ltr'>oratio</span> <span class='ocrx_word' id='word_1_229' title='bbox 767 3121 922 3182; x_wconf 79' lang='lat' dir='ltr'>habetur?</span> <span class='ocrx_word' id='word_1_230' title='bbox 944 3153 985 3163; x_wconf 94' lang='lat'><em>-</em></span> <span class='ocrx_word' id='word_1_231' title='bbox 1005 3119 1050 3179; x_wconf 83' lang='lat' dir='ltr'>Ad</span> <span class='ocrx_word' id='word_1_232' title='bbox 1070 3125 1214 3177; x_wconf 80' lang='lat' dir='ltr'>senatores</span> <span class='ocrx_word' id='word_1_233' title='bbox 1225 3116 1320 3177; x_wconf 75' lang='lat' dir='ltr'>trites</span> 
     </span>
     <span class='ocr_line' id='line_1_27' title="bbox 230 3221 1319 3301; baseline -0.001 -20"><span class='ocrx_word' id='word_1_234' title='bbox 230 3221 372 3299; x_wconf 73' lang='lat' dir='ltr'>raptrices</span> <span class='ocrx_word' id='word_1_235' title='bbox 399 3223 595 3298; x_wconf 72' lang='lat' dir='ltr'>superioribas</span> <span class='ocrx_word' id='word_1_236' title='bbox 623 3223 756 3283; x_wconf 79' lang='lat' dir='ltr'>contineo</span> <span class='ocrx_word' id='word_1_237' title='bbox 775 3222 862 3281; x_wconf 84' lang='lat' dir='ltr'>cerba</span> <span class='ocrx_word' id='word_1_238' title='bbox 879 3222 957 3298; x_wconf 79' lang='lat' dir='ltr'>fecit.</span> <span class='ocrx_word' id='word_1_239' title='bbox 998 3222 1085 3301; x_wconf 87' lang='lat' dir='ltr'>Vide,</span> <span class='ocrx_word' id='word_1_240' title='bbox 1106 3238 1194 3297; x_wconf 85' lang='lat' dir='ltr'>quam</span> <span class='ocrx_word' id='word_1_241' title='bbox 1213 3238 1319 3298; x_wconf 92' lang='lat' dir='ltr'>parum</span> 
     </span>
     <span class='ocr_line' id='line_1_28' title="bbox 231 3323 1319 3400; baseline -0.002 -16"><span class='ocrx_word' id='word_1_242' title='bbox 231 3328 323 3400; x_wconf 88' lang='lat' dir='ltr'>curet,</span> <span class='ocrx_word' id='word_1_243' title='bbox 344 3329 378 3382; x_wconf 92' lang='lat' dir='ltr'>ut</span> <span class='ocrx_word' id='word_1_244' title='bbox 398 3340 470 3383; x_wconf 85' lang='lat' dir='ltr'>vera</span> <span class='ocrx_word' id='word_1_245' title='bbox 491 3325 598 3385; x_wconf 88' lang='lat' dir='ltr'>saltem</span> <span class='ocrx_word' id='word_1_246' title='bbox 615 3325 713 3385; x_wconf 90' lang='lat' dir='ltr'>dicere</span> <span class='ocrx_word' id='word_1_247' title='bbox 734 3324 880 3384; x_wconf 86' lang='lat' dir='ltr'>videatur.</span> <span class='ocrx_word' id='word_1_248' title='bbox 921 3324 1075 3385; x_wconf 82' lang='lat' dir='ltr'>Extribus</span> <span class='ocrx_word' id='word_1_249' title='bbox 1092 3324 1153 3383; x_wconf 90' lang='lat' dir='ltr'>illie</span> <span class='ocrx_word' id='word_1_250' title='bbox 1170 3323 1319 3400; x_wconf 81' lang='lat' dir='ltr'>capitibus</span> 
     </span>
     <span class='ocr_line' id='line_1_29' title="bbox 229 3424 1317 3505; baseline 0.001 -20"><span class='ocrx_word' id='word_1_251' title='bbox 229 3426 357 3505; x_wconf 88' lang='lat' dir='ltr'>primmn</span> <span class='ocrx_word' id='word_1_252' title='bbox 369 3424 446 3504; x_wconf 91' lang='lat' dir='ltr'>(cap.</span> <span class='ocrx_word' id='word_1_253' title='bbox 474 3424 517 3504; x_wconf 88' lang='lat' dir='ltr'>X)</span> <span class='ocrx_word' id='word_1_254' title='bbox 538 3431 634 3486; x_wconf 87' lang='lat' dir='ltr'>totum</span> <span class='ocrx_word' id='word_1_255' title='bbox 649 3425 689 3485; x_wconf 89' lang='lat' dir='ltr'>ad</span> <span class='ocrx_word' id='word_1_256' title='bbox 709 3426 869 3485; x_wconf 88' lang='lat' dir='ltr'>Catilinam</span> <span class='ocrx_word' id='word_1_257' title='bbox 894 3444 1066 3487; x_wconf 82' lang='lat' dir='ltr'>conversum</span> <span class='ocrx_word' id='word_1_258' title='bbox 1088 3432 1142 3505; x_wconf 92' lang='grc'><strong>111,</strong></span> <span class='ocrx_word' id='word_1_259' title='bbox 1163 3427 1207 3486; x_wconf 88' lang='lat' dir='ltr'>ita</span> <span class='ocrx_word' id='word_1_260' title='bbox 1221 3430 1317 3486; x_wconf 87' lang='grc'><strong>11111-</strong></span> 
     </span>
     <span class='ocr_line' id='line_1_30' title="bbox 227 3529 1319 3608; baseline -0.002 -15"><span class='ocrx_word' id='word_1_261' title='bbox 227 3536 364 3594; x_wconf 89' lang='lat' dir='ltr'>natorum</span> <span class='ocrx_word' id='word_1_262' title='bbox 395 3548 433 3592; x_wconf 87' lang='lat' dir='ltr'>ne</span> <span class='ocrx_word' id='word_1_263' title='bbox 464 3531 574 3592; x_wconf 89' lang='lat' dir='ltr'>mentio</span> <span class='ocrx_word' id='word_1_264' title='bbox 601 3530 720 3608; x_wconf 83' lang='lat' dir='ltr'>quidem</span> <span class='ocrx_word' id='word_1_265' title='bbox 747 3529 815 3589; x_wconf 88' lang='lat' dir='ltr'>fiat:</span> <span class='ocrx_word' id='word_1_266' title='bbox 836 3530 896 3589; x_wconf 91' lang='lat' dir='ltr'>duo</span> <span class='ocrx_word' id='word_1_267' title='bbox 920 3531 1036 3606; x_wconf 84' lang='lat' dir='ltr'>reliqua</span> <span class='ocrx_word' id='word_1_268' title='bbox 1056 3532 1100 3591; x_wconf 86' lang='lat' dir='ltr'>ita</span> <span class='ocrx_word' id='word_1_269' title='bbox 1120 3535 1245 3607; x_wconf 89' lang='lat' dir='ltr'>occupat</span> <span class='ocrx_word' id='word_1_270' title='bbox 1261 3532 1319 3593; x_wconf 84' lang='lat' dir='ltr'>Rei</span> 
     </span>
     <span class='ocr_line' id='line_1_31' title="bbox 228 3631 1317 3716; baseline -0.004 -19"><span class='ocrx_word' id='word_1_271' title='bbox 228 3637 366 3716; x_wconf 91' lang='lat' dir='ltr'>publicae</span> <span class='ocrx_word' id='word_1_272' title='bbox 383 3635 566 3713; x_wconf 89' lang='lat' dir='ltr'>querimonia</span> <span class='ocrx_word' id='word_1_273' title='bbox 587 3639 618 3695; x_wconf 90' lang='lat' dir='ltr'>et</span> <span class='ocrx_word' id='word_1_274' title='bbox 635 3632 787 3712; x_wconf 86' lang='lat' dir='ltr'>responsio</span> <span class='ocrx_word' id='word_1_275' title='bbox 804 3631 965 3710; x_wconf 89' lang='lat' dir='ltr'>Ciceronis,</span> <span class='ocrx_word' id='word_1_276' title='bbox 995 3636 1029 3692; x_wconf 93' lang='lat' dir='ltr'>ut</span> <span class='ocrx_word' id='word_1_277' title='bbox 1046 3632 1186 3692; x_wconf 85' lang='lat' dir='ltr'>Patribus</span> <span class='ocrx_word' id='word_1_278' title='bbox 1203 3633 1255 3692; x_wconf 83' lang='lat' dir='ltr'>vix</span> <span class='ocrx_word' id='word_1_279' title='bbox 1272 3634 1317 3694; x_wconf 90' lang='lat' dir='ltr'>ul·</span> 
     </span>
     <span class='ocr_line' id='line_1_32' title="bbox 228 3736 1320 3818; baseline -0.002 -18"><span class='ocrx_word' id='word_1_280' title='bbox 228 3741 277 3801; x_wconf 90' lang='lat' dir='ltr'>lus</span> <span class='ocrx_word' id='word_1_281' title='bbox 307 3742 390 3800; x_wconf 91' lang='lat' dir='ltr'>locus</span> <span class='ocrx_word' id='word_1_282' title='bbox 418 3739 555 3818; x_wconf 89' lang='lat' dir='ltr'>supersit,</span> <span class='ocrx_word' id='word_1_283' title='bbox 583 3737 642 3798; x_wconf 91' lang='lat' dir='ltr'>uisi</span> <span class='ocrx_word' id='word_1_284' title='bbox 673 3736 752 3816; x_wconf 87' lang='lat' dir='ltr'>quod</span> <span class='ocrx_word' id='word_1_285' title='bbox 782 3736 867 3797; x_wconf 89' lang='lat' dir='ltr'>initio</span> <span class='ocrx_word' id='word_1_286' title='bbox 888 3754 953 3813; x_wconf 91' lang='lat' dir='ltr'>cap.</span> <span class='ocrx_word' id='word_1_287' title='bbox 974 3736 1019 3796; x_wconf 90' lang='lat' dir='ltr'>XI</span> <span class='ocrx_word' id='word_1_288' title='bbox 1040 3754 1091 3797; x_wconf 88' lang='lat' dir='ltr'>eos</span> <span class='ocrx_word' id='word_1_289' title='bbox 1121 3736 1265 3816; x_wconf 87' lang='lat' dir='ltr'>hortatur,</span> <span class='ocrx_word' id='word_1_290' title='bbox 1286 3743 1320 3798; x_wconf 90' lang='lat' dir='ltr'>ut</span> 
     </span>
     <span class='ocr_line' id='line_1_33' title="bbox 229 3839 1318 3918; baseline 0 -16"><span class='ocrx_word' id='word_1_291' title='bbox 229 3841 389 3915; x_wconf 85' lang='lat' dir='ltr'>diligenter</span> <span class='ocrx_word' id='word_1_292' title='bbox 404 3841 570 3918; x_wconf 79' lang='lat' dir='ltr'>percipiant</span> <span class='ocrx_word' id='word_1_293' title='bbox 587 3858 664 3918; x_wconf 88' lang='lat' dir='ltr'>quae</span> <span class='ocrx_word' id='word_1_294' title='bbox 684 3840 816 3900; x_wconf 87' lang='lat' dir='ltr'>dicturus</span> <span class='ocrx_word' id='word_1_295' title='bbox 837 3839 885 3899; x_wconf 86' lang='lat' dir='ltr'>sit.</span> <span class='ocrx_word' id='word_1_296' title='bbox 908 3840 988 3902; x_wconf 86' lang='lat' dir='ltr'>Vere.</span> <span class='ocrx_word' id='word_1_297' title='bbox 1007 3844 1116 3918; x_wconf 87' lang='lat' dir='ltr'>tamen,</span> <span class='ocrx_word' id='word_1_298' title='bbox 1138 3840 1217 3917; x_wconf 87' lang='lat' dir='ltr'>quod</span> <span class='ocrx_word' id='word_1_299' title='bbox 1227 3841 1318 3916; x_wconf 81' lang='lat' dir='ltr'>igitur</span> 
     </span>
     <span class='ocr_line' id='line_1_34' title="bbox 230 3941 1318 4021; baseline -0.002 -16"><span class='ocrx_word' id='word_1_300' title='bbox 230 3944 340 4005; x_wconf 80' lang='grc'><strong>1111111</strong></span> <span class='ocrx_word' id='word_1_301' title='bbox 357 3943 395 4002; x_wconf 87' lang='lat' dir='ltr'>R.</span> <span class='ocrx_word' id='word_1_302' title='bbox 417 3944 525 4002; x_wconf 89' lang='lat' dir='ltr'>oratori</span> <span class='ocrx_word' id='word_1_303' title='bbox 545 3943 619 4004; x_wconf 89' lang='lat' dir='ltr'>vitio</span> <span class='ocrx_word' id='word_1_304' title='bbox 635 3944 740 4019; x_wconf 82' lang='lat' dir='ltr'>vertit,</span> <span class='ocrx_word' id='word_1_305' title='bbox 760 3958 821 4002; x_wconf 90' lang='lat' dir='ltr'>non</span> <span class='ocrx_word' id='word_1_306' title='bbox 844 3941 987 4002; x_wconf 79' lang='lat' dir='ltr'>Catilinae</span> <span class='ocrx_word' id='word_1_307' title='bbox 1003 3944 1107 4021; x_wconf 82' lang='lat' dir='ltr'>magis,</span> <span class='ocrx_word' id='word_1_308' title='bbox 1129 3961 1219 4021; x_wconf 88' lang='lat' dir='ltr'>quarn</span> <span class='ocrx_word' id='word_1_309' title='bbox 1236 3961 1318 4004; x_wconf 78' lang='lat' dir='ltr'>seno·</span> 
     </span>
     <span class='ocr_line' id='line_1_35' title="bbox 233 4047 1319 4126; baseline -0.002 -16"><span class='ocrx_word' id='word_1_310' title='bbox 233 4056 327 4110; x_wconf 80' lang='lat' dir='ltr'>torem</span> <span class='ocrx_word' id='word_1_311' title='bbox 350 4064 440 4108; x_wconf 84' lang='lat' dir='ltr'>cocao</span> <span class='ocrx_word' id='word_1_312' title='bbox 462 4047 538 4109; x_wconf 88' lang='lat' dir='ltr'>haec</span> <span class='ocrx_word' id='word_1_313' title='bbox 564 4049 664 4108; x_wconf 89' lang='lat' dir='ltr'>omnia</span> <span class='ocrx_word' id='word_1_314' title='bbox 694 4047 733 4106; x_wconf 92' lang='lat' dir='ltr'>ab</span> <span class='ocrx_word' id='word_1_315' title='bbox 757 4052 872 4107; x_wconf 90' lang='lat' dir='ltr'>oratore</span> <span class='ocrx_word' id='word_1_316' title='bbox 900 4047 981 4107; x_wconf 87' lang='lat' dir='ltr'>diota</span> <span class='ocrx_word' id='word_1_317' title='bbox 1002 4064 1077 4126; x_wconf 89' lang='lat' dir='ltr'>esse,</span> <span class='ocrx_word' id='word_1_318' title='bbox 1108 4052 1252 4108; x_wconf 87' lang='lat' dir='ltr'>nectam</span> <span class='ocrx_word' id='word_1_319' title='bbox 1280 4047 1319 4108; x_wconf 72' lang='lat' dir='ltr'>ad</span> 
     </span>
     <span class='ocr_line' id='line_1_36' title="bbox 233 4151 1318 4233; baseline -0.002 -18"><span class='ocrx_word' id='word_1_320' title='bbox 233 4155 398 4233; x_wconf 81' lang='lat' dir='ltr'>Catilinam,</span> <span class='ocrx_word' id='word_1_321' title='bbox 430 4171 519 4232; x_wconf 82' lang='lat' dir='ltr'>quam</span> <span class='ocrx_word' id='word_1_322' title='bbox 548 4152 581 4211; x_wconf 84' lang='lat' dir='ltr'>in</span> <span class='ocrx_word' id='word_1_323' title='bbox 606 4170 669 4211; x_wconf 81' lang='lat' dir='ltr'>cam</span> <span class='ocrx_word' id='word_1_324' title='bbox 693 4151 854 4212; x_wconf 90' lang='lat' dir='ltr'>orationem</span> <span class='ocrx_word' id='word_1_325' title='bbox 872 4169 938 4213; x_wconf 88' lang='lat' dir='ltr'>esse</span> <span class='ocrx_word' id='word_1_326' title='bbox 958 4151 1100 4230; x_wconf 88' lang='lat' dir='ltr'>habitam,</span> <span class='ocrx_word' id='word_1_327' title='bbox 1118 4157 1152 4214; x_wconf 92' lang='lat' dir='ltr'>ut</span> <span class='ocrx_word' id='word_1_328' title='bbox 1168 4153 1233 4215; x_wconf 91' lang='lat' dir='ltr'>eius</span> <span class='ocrx_word' id='word_1_329' title='bbox 1251 4171 1318 4213; x_wconf 88' lang='lat' dir='ltr'>con·</span> 
     </span>
     <span class='ocr_line' id='line_1_37' title="bbox 230 4254 1318 4336; baseline -0.005 -17"><span class='ocrx_word' id='word_1_330' title='bbox 230 4260 299 4320; x_wconf 90' lang='lat' dir='ltr'>silia</span> <span class='ocrx_word' id='word_1_331' title='bbox 333 4256 468 4336; x_wconf 90' lang='lat' dir='ltr'>patribus</span> <span class='ocrx_word' id='word_1_332' title='bbox 499 4256 636 4333; x_wconf 90' lang='lat' dir='ltr'>aperiret,</span> <span class='ocrx_word' id='word_1_333' title='bbox 664 4254 854 4331; x_wconf 87' lang='lat' dir='ltr'>eiusdemque</span> <span class='ocrx_word' id='word_1_334' title='bbox 874 4255 1026 4329; x_wconf 85' lang='lat' dir='ltr'>ingenium</span> <span class='ocrx_word' id='word_1_335' title='bbox 1057 4255 1193 4316; x_wconf 89' lang='lat' dir='ltr'>omnibus</span> <span class='ocrx_word' id='word_1_336' title='bbox 1223 4256 1318 4330; x_wconf 82' lang='lat' dir='ltr'>magis</span> 
     </span>
     <span class='ocr_line' id='line_1_38' title="bbox 228 4360 1319 4439; baseline -0.005 -15"><span class='ocrx_word' id='word_1_337' title='bbox 228 4369 330 4424; x_wconf 90' lang='lat' dir='ltr'>notum</span> <span class='ocrx_word' id='word_1_338' title='bbox 347 4362 467 4439; x_wconf 83' lang='lat' dir='ltr'>faceret,</span> <span class='ocrx_word' id='word_1_339' title='bbox 486 4364 576 4436; x_wconf 87' lang='lat' dir='ltr'>atque</span> <span class='ocrx_word' id='word_1_340' title='bbox 594 4377 709 4419; x_wconf 90' lang='lat' dir='ltr'>omnem</span> <span class='ocrx_word' id='word_1_341' title='bbox 730 4376 813 4435; x_wconf 89' lang='lat' dir='ltr'>spem</span> <span class='ocrx_word' id='word_1_342' title='bbox 834 4376 987 4419; x_wconf 88' lang='lat' dir='ltr'>successus</span> <span class='ocrx_word' id='word_1_343' title='bbox 1015 4360 1074 4437; x_wconf 94' lang='lat' dir='ltr'>ipsi</span> <span class='ocrx_word' id='word_1_344' title='bbox 1092 4360 1226 4439; x_wconf 90' lang='lat' dir='ltr'>eriperet,</span> <span class='ocrx_word' id='word_1_345' title='bbox 1258 4377 1319 4419; x_wconf 91' lang='grc'><strong>11111</strong></span> 
     </span>
     <span class='ocr_line' id='line_1_39' title="bbox 230 4461 913 4539; baseline -0.013 -12"><span class='ocrx_word' id='word_1_346' title='bbox 230 4464 322 4528; x_wconf 85' lang='lat' dir='ltr'>semel</span> <span class='ocrx_word' id='word_1_347' title='bbox 336 4465 367 4522; x_wconf 95' lang='lat' dir='ltr'>in</span> <span class='ocrx_word' id='word_1_348' title='bbox 390 4461 591 4539; x_wconf 88' lang='lat' dir='ltr'>superioribus</span> <span class='ocrx_word' id='word_1_349' title='bbox 609 4461 841 4521; x_wconf 88' lang='lat' dir='ltr'>demonstratum</span> <span class='ocrx_word' id='word_1_350' title='bbox 859 4464 913 4519; x_wconf 85' lang='lat' dir='ltr'>est.</span> 
     </span>
    </p>
   </div>
   <div class='ocr_carea' id='block_1_4' title="bbox 0 0 1551 5192">
    <p class='ocr_par' dir='ltr' id='par_1_4' title="bbox 0 0 1551 5192">
     <span class='ocr_line' id='line_1_40' title="bbox 0 0 1551 5192; baseline 0 0"><span class='ocrx_word' id='word_1_351' title='bbox 0 0 1551 5192; x_wconf 95' lang='lat' dir='ltr'> </span> 
     </span>
    </p>
   </div>
  </div>
 </body>
</html>
