3086 5192
752 454 791 511 69

228 607 290 668 lum
309 609 419 669 malurn
441 609 558 686 facturos
578 627 652 690 esse,
674 578 713 671 ad
733 612 812 687 quod
829 609 1047 687 suscipiendum
1067 626 1126 670 non
1146 608 1238 669 libido
1258 626 1310 668 vo·

228 709 352 786 luptatis
369 711 546 792 impelleret3
569 718 670 791 stupro
689 730 760 773 vero
781 712 977 790 etadulteria,
998 719 1029 772 et
1049 730 1129 772 corne
1150 711 1208 771 tote
1225 711 1310 788 [topi-

226 810 308 891 tiom,
328 813 418 874 nullis
436 815 504 875 aliis
525 815 817 894 illecebrisechtari,
837 815 896 876 nisi
913 816 1103 893 voluptatis.”

267 1018 307 1078 od
339 1019 456 1094 scalcos
480 1021 647 1081 obedadam.
682 1019 798 1097 ,Quum
823 1022 902 1081 obire
919 1023 1013 1083 soleat
1033 1021 1093 1083 dici
1106 1021 1143 1083 de
1165 1023 1212 1100 iis,
1233 1038 1310 1098 quae

227 1122 313 1182 nobis
333 1123 473 1202 imposita
489 1125 550 1184 sint
570 1125 673 1205 officia,
695 1126 766 1201 quid
784 1127 841 1187 erit
858 1126 976 1201 sociaco
993 1126 1100 1185 obire.''
1121 1127 1158 1186 R.
1179 1160 1220 1171 -
1240 1126 1310 1185 Fal-

226 1227 375 1309 sissimam
407 1246 473 1288 esse
497 1228 575 1289 hanc
598 1229 808 1310 definitionem,
839 1232 889 1290 vel
920 1248 958 1290 ex
985 1248 1044 1289 uno
1075 1230 1225 1291 Ciceronis
1245 1230 1310 1290 loco

227 1330 301 1389 satis
322 1329 549 1409 demonstratur,
569 1350 622 1409 pro
639 1334 702 1391 Mil.
727 1335 767 1392 10
786 1333 807 1410 ξ
831 1336 882 1392 27:
908 1331 1024 1408 ,Atque
1035 1332 1078 1391 ita
1095 1331 1244 1409 profectus
1255 1336 1310 1409 est,

226 1437 261 1494 ut
282 1435 450 1495 concionem
470 1436 670 1496 turbulentam
691 1471 731 1480 -
750 1438 942 1511 relinqueret:
965 1454 1062 1514 quam,
1083 1436 1142 1495 nIsi
1164 1435 1242 1494 ebore
1262 1436 1309 1510 so-

227 1537 335 1618 oioorts
355 1539 451 1599 locum
468 1544 642 1618 tempusque
662 1541 814 1618 voluisset,
834 1540 1191 1616 nunquamreliquisset.''
1213 1514 1310 1616 A'qno

228 1642 319 1718 igitur
345 1642 450 1702 Olodio
473 1644 599 1704 officium
630 1645 798 1722 imposItum
827 1649 891 1704 erat
911 1645 1030 1704 Milonis
1050 1642 1227 1704 occidendi?
1250 1643 1311 1704 Sed

227 1748 289 1803 tam
317 1760 407 1821 saepe
436 1743 514 1802 obire
537 1746 575 1805 de
602 1746 639 1806 ils
656 1746 772 1825 dicitnr,
804 1763 881 1823 quae
905 1747 972 1823 quis
989 1751 1093 1825 sponte
1111 1763 1166 1807 sua
1185 1747 1311 1824 suscipit

227 1845 408 1925 perficitque,
440 1848 525 1907 cuius
555 1849 673 1924 generis
694 1853 763 1909 sunt
783 1868 813 1908 v.
828 1868 855 1909 o.
875 1855 977 1926 terror,
998 1849 1092 1928 orbos,
1115 1849 1310 1928 hereditatem,

226 1965 352 2028 coortam,
374 1949 526 2028 nepotiana,
548 1951 608 2009 alia
619 1950 705 2029 obire,
726 1955 760 2011 ut
774 1952 849 2011 satis
859 1952 960 2012 mirari
977 1969 1037 2012 non
1054 1952 1174 2031 possim,
1195 1952 1246 2028 qui
1268 1952 1310 2011 af·

227 2049 343 2112 firmare
375 2052 484 2112 audeat
516 2070 627 2131 censor,
655 2053 686 2111 in
714 2051 762 2112 his
794 2057 896 2113 contra
913 2071 999 2114 usum
1012 2054 1099 2112 latini
1116 2054 1259 2114 sermonis
1280 2059 1312 2114 et

227 2160 330 2215 contra
347 2173 449 2216 sanam
470 2157 614 2216 rationem
631 2173 754 2234 peccare
771 2162 924 2216 oratorem.
945 2155 990 2216 cf.
1005 2157 1095 2217 etiam
1112 2176 1141 2234 p.
1151 2157 1219 2232 lege
1229 2158 1309 2217 Man.

229 2262 276 2337 17,
305 2260 358 2319 53:
392 2258 508 2334 ,Quum
525 2261 569 2320 ita
593 2260 696 2319 clausa
713 2265 797 2319 erant
817 2260 902 2321 nobis
923 2260 1023 2318 omnia
1042 2261 1145 2338 maria,
1165 2264 1199 2320 ut
1212 2277 1309 2336 neque

226 2364 374 2441 privatam
400 2381 462 2423 rem
479 2364 716 2441 transmarinam,
737 2380 833 2438 neque
860 2362 1009 2439 publicam
1037 2363 1097 2421 iam
1114 2361 1192 2421 obire
1208 2379 1308 2439 posse-

226 2464 322 2524 mus.”
354 2465 392 2525 ad
410 2463 473 2525 Art.
491 2466 576 2543 VIII,
598 2468 645 2543 12,
667 2467 700 2525 3:
724 2464 777 2538 „Id
797 2466 876 2525 enim
898 2465 991 2544 (moro
1009 2464 1147 2543 transire)
1169 2467 1226 2526 etsi
1244 2470 1309 2525 erat

226 2568 460 2648 deliberationis,
480 2574 580 2630 tamen
602 2568 680 2629 obire
689 2586 748 2630 non
769 2570 882 2647 potui.”

266 2777 454 2837 condientem
481 2795 577 2836 somoo
604 2779 783 2838 montaum.
818 2780 1035 2853 ,Possumusne
1056 2779 1308 2838 iuraturasque

228 2883 365 2961 alicuius,
395 2899 485 2959 quum
513 2885 625 2942 certum
656 2885 687 2941 et
717 2885 818 2941 notum
847 2883 895 2960 sit,
926 2900 984 2942 non
1012 2883 1149 2942 insidiari
1179 2884 1238 2943 nisi
1259 2885 1307 2961 iis,

225 3005 304 3065 quae
315 3003 420 3065 capere
430 3002 587 3064 possumus
598 2990 629 3046 et
639 2984 802 3062 cupimus.''
823 2985 860 3044 R.
879 3017 919 3027 -
940 2984 973 3044 Si
995 3002 1188 3060 quaecunque
1209 2991 1309 3045 noster
1401 2992 1406 2995 “

224 3097 307 3153 certa
317 3096 348 3152 et
358 3095 429 3151 nota
445 3090 527 3168 dIcit,
548 3107 620 3150 vera
638 3089 728 3150 etiam
750 3094 859 3167 essent,
880 3089 963 3148 brevi
984 3088 1065 3148 haud
1086 3088 1308 3150 multnmcredo

226 3197 386 3259 latInitatis
403 3200 580 3272 superesset.
622 3194 785 3254 Videamus
804 3197 903 3254 autem
921 3193 993 3269 quid
1009 3192 1112 3254 Cicero
1129 3193 1210 3253 dicat
1225 3191 1307 3254 Orat.

224 3320 250 3362 c.
282 3302 331 3378 62,
363 3298 383 3377 9
417 3301 489 3358 210:
523 3298 577 3372 ,Id
604 3304 703 3358 autem
731 3302 794 3357 tum
814 3298 904 3376 valet,
925 3298 1068 3376 quomis,
1089 3297 1247 3376 quiaudit,
1268 3298 1307 3358 ab

224 3407 340 3465 oratore
361 3402 420 3462 iam
438 3402 577 3462 obsessus
594 3407 649 3480 est,
670 3420 706 3462 ac
725 3406 851 3462 tenetur.
893 3401 1060 3461 Non'enim
1076 3401 1108 3461 id
1125 3401 1196 3479 agil,
1217 3402 1306 3462 utio-

225 3506 391 3566 adiutaret
410 3503 551 3564 obserari:
572 3502 626 3565 sed
647 3504 706 3564 iarn
723 3500 813 3582 favet,
833 3521 1061 3582 processumque
1081 3505 1155 3583 vult,
1176 3504 1305 3566 dicendi·

225 3628 283 3687 que
305 3609 367 3669 vim
395 3608 546 3669 admirans
574 3624 633 3666 non
650 3607 783 3684 inquirit,
805 3606 884 3680 quod
904 3603 1130 3681 reprehendat.''
1152 3603 1233 3677 Quid
1250 3606 1306 3679 igi-

222 3720 272 3775 tur
299 3713 331 3772 in
357 3712 406 3771 his
436 3716 491 3788 est,
519 3709 598 3785 quod
626 3727 728 3786 copore
749 3708 813 3787 qais
830 3707 923 3785 possit
943 3708 1117 3786 capiatque?
1137 3707 1182 3768 cf.
1200 3708 1307 3769 Livius

225 3817 340 3894 XXIII,
362 3814 414 3874 35:
438 3815 638 3888 „Nocturnum
666 3816 731 3872 erat
748 3828 873 3889 sacrum,
894 3811 937 3871 ita
954 3815 988 3870 nt
1005 3816 1074 3871 ante
1099 3812 1227 3872 mediam
1254 3830 1305 3877 uo

225 3926 302 3983 otem
319 3919 521 3997 compleretur.
563 3917 641 3976 Huic
672 3915 824 3977 Gracchus
842 3915 1041 3975 insidiandum
1068 3918 1188 3995 tempori
1214 3924 1306 3997 ratus,

224 4025 395 4088 custodibus
412 4023 451 4083 ad
478 4026 593 4100 portam
620 4021 753 4100 positis'’,
775 4026 830 4081 cet.
872 4022 950 4080 Vell.
968 4021 1084 4082 Patere.
1106 4022 1146 4100 ll,
1168 4024 1220 4080 21:
1245 4024 1306 4095 ,ita

224 4150 256 4192 se
277 4129 399 4189 dubium
420 4126 608 4201 mediumque
627 4125 761 4203 partibus
782 4125 939 4204 praestitit,
960 4131 993 4185 ut
1014 4127 1112 4185 omnia
1133 4144 1171 4184 ex
1188 4128 1318 4202 proprio·

222 4253 280 4296 usn
300 4238 410 4311 ageret,
443 4230 667 4309 temporibusque
685 4230 822 4289 torsidtori
838 4230 1017 4290 videretur’'.
1038 4235 1093 4290 cet.
1134 4229 1182 4288 Ex
1199 4229 1307 4303 quibus

225 4340 298 4400 locis
319 4340 393 4401 satis
404 4354 547 4415 apparere
559 4336 692 4415 arbitror,
715 4335 900 4395 insidiantem
911 4353 1007 4394 somno
1017 4354 1072 4397 nec
1083 4352 1148 4394 cum
1159 4334 1308 4396 latinitate
