3086 5192
395 1149 1119 1244 insonueritis

419 1391 586 1434 cunnnsn
609 1391 928 1434 nnnnonnfluoum
950 1391 1104 1451 REOTORI,

692 1585 722 1644 S.
744 1586 778 1643 P.
801 1585 837 1643 D.

461 1797 1056 1890 PdiddePdddt

261 2356 361 2440 Quum
382 2381 500 2442 operam
518 2364 588 2424 dare
609 2365 836 2441 constituissem,
857 2368 891 2424 ut
910 2369 1129 2426 monumentum
1146 2365 1304 2431 vetustatis

193 2542 195 2545 Ι
223 2469 386 2529 audacibus
417 2468 553 2527 manibus
584 2472 693 2528 temere
725 2483 860 2526 eversum
881 2467 1076 2547 restituerem,
1097 2470 1240 2544 cogitanti
1256 2473 1305 2533 cui

222 2572 409 2650 potissimum
429 2570 602 2649 opusculum
618 2587 716 2630 meum
738 2569 879 2647 offerrem,
899 2573 933 2629 tu
954 2574 1058 2647 sponte
1079 2570 1153 2630 mihi
1174 2589 1304 2634 occurre»

224 2676 278 2734 bas
299 2693 334 2734 eo
354 2692 474 2735 munere
495 2674 611 2752 dignus,
623 2692 747 2749 quocum
761 2688 821 2733 non
834 2673 987 2734 affinitatis
998 2675 1306 2753 solumamioitiaeque

1311 938 1507 1059 aaut

224 2777 351 2835 vinculis
372 2794 437 2835 sum
458 2777 639 2853 coniunctus,
660 2778 714 2835 sed
735 2790 861 2851 quocum
881 2777 1011 2835 maxima
1031 2792 1148 2856 semper
1166 2779 1307 2840 mihifun
1361 2811 1365 2817 ·

224 2880 386 2942 studiorum
414 2898 450 2939 ac
480 2879 665 2939 voluntatum
693 2879 822 2938 omnium
842 2881 1004 2941 consensio.
1044 2882 1207 2944 Meministi
1227 2886 1306 2944 enim

223 2985 362 3063 profecto,
393 2985 434 3043 mi
454 2982 554 3061 frater,
586 2999 676 3059 quum
703 2998 798 3059 nuper
813 2981 975 3059 disputatio
991 2983 1150 3060 prodiisset
1169 2985 1307 3047 Rinkesii

222 3089 260 3148 V.
292 3088 329 3146 D.
360 3087 396 3146 dc
427 3084 623 3145 abiudiconda
652 3083 749 3163 penta
771 3082 916 3143 Οἱεινωιίι
941 3083 973 3143 in
993 3082 1150 3145 Catilinam
1169 3086 1307 3168 oratore,

223 3197 335 3268 quanto
365 3191 423 3251 hac
453 3191 533 3251 fama
564 3194 595 3250 et
618 3207 672 3249 nos
687 3195 718 3249 et
737 3190 890 3250 nobiscum
910 3190 963 3249 alii
980 3206 1047 3250 cum
1064 3190 1163 3252 dolore
1177 3191 1305 3254 afficere-

223 3313 297 3372 mur,
317 3298 381 3353 turn
398 3310 469 3353 vero
491 3291 693 3352 admiratione.
736 3291 1014 3371 Mirabamurenim,
1034 3294 1113 3354 unde
1124 3296 1306 3377 adolescens,

223 3397 276 3472 qui
294 3396 443 3474 specimen
457 3394 657 3455 academicum
679 3393 736 3454 hoc
760 3394 869 3472 ederet,
889 3398 1004 3455 tantam
1021 3395 1183 3457 doctrinam
1201 3404 1307 3461 nactus

223 3505 304 3561 esset
335 3518 370 3559 ao
399 3498 602 3576 sagacitatem,
633 3501 667 3557 ut
683 3512 761 3573 quae
774 3514 829 3575 per
844 3496 943 3557 omnia
960 3499 1061 3558 secula
1082 3515 1210 3561 summos
1226 3503 1306 3562 viros

224 3603 300 3663 vitia
333 3602 500 3680 latuissent,
532 3619 569 3661 ea
599 3604 667 3678 post
686 3617 846 3679 paucorum
875 3617 1018 3659 annorum
1036 3601 1229 3663 eruditionem
1245 3609 1307 3665 tam

224 3711 310 3768 acute
338 3707 481 3782 indagare
501 3710 603 3784 posset
623 3710 743 3781 tamque
770 3709 851 3766 certo
878 3705 1060 3787 convincere,
1081 3714 1115 3768 ut
1135 3710 1305 3772 abiudicari·

223 3809 293 3868 dam
311 3810 556 3870 enumerationem
577 3827 642 3870 esse
660 3809 735 3869 adeo
762 3808 904 3869 audacter
922 3808 1053 3887 profiteri
1073 3812 1204 3873 auderet.
1245 3814 1305 3874 Do·

223 3913 357 3994 lebamus
385 3918 492 3991 autem,
523 3915 571 3974 cni
598 3914 651 3973 uni
678 3913 716 3974 de
746 3918 873 3989 quatuor
891 3915 941 3974 vel
957 3918 1123 3975 exterorum
1139 3918 1306 3979 criticorum

223 4016 331 4076 avidae
352 4033 458 4076 manus
474 4018 684 4093 pepercissent,
705 4035 781 4092 quae
803 4017 867 4076 sola
887 4016 985 4077 adhuc
1001 4024 1152 4095 superstes
1172 4020 1209 4081 de
1227 4026 1274 4083 cet
1294 4057 1304 4067 ·

223 4135 321 4177 rerum
340 4118 426 4178 clade
449 4116 640 4196 (quamquam
656 4118 785 4178 nondum
803 4118 935 4197 sepultas
952 4137 1018 4181 esse
1029 4121 1153 4202 gaudeo,
1175 4125 1201 4183 si
1212 4142 1305 4199 quan-

224 4219 261 4280 do
280 4218 474 4299 reviviscant)
495 4221 595 4296 aliquo
609 4220 695 4279 modo
705 4225 785 4281 certe
795 4239 849 4282 nos
860 4222 1006 4283 consolari
1019 4230 1121 4301 posset
1130 4226 1307 4304 illarumque

224 4325 397 4387 memoriam
426 4325 542 4403 referre,
574 4323 724 4388 honoiem
745 4343 764 4384 a
781 4325 895 4388 Batavo
916 4326 980 4387 sine
1001 4327 1202 4387 misericordia
1219 4346 1308 4407 super

1169 4439 1188 4491 ,2

614 4658 833 4751 264808
