3086 5192
765 453 804 511 85

231 611 312 690 ripit.
351 611 516 672 Dicendum
544 615 617 690 erat,
650 630 689 689 eo,
719 629 773 689 qno
804 610 860 669 iter
887 609 1020 689 intendit,
1040 627 1110 669 nam
1130 611 1206 671 latet
1222 610 1254 669 in
1271 609 1320 668 cle·

231 712 416 777 monstrativa
447 716 526 793 quod
553 719 653 776 nostro
683 715 748 774 loco
776 712 887 774 diserte
918 713 1046 792 additur,
1066 719 1100 774 nt
1116 714 1272 792 perveniat
1289 711 1322 770 in

231 835 296 879 enm
313 817 413 896 lomna,
446 835 505 895 quo
530 817 667 878 intendit.
709 815 769 876 Sed
787 815 862 876 adeo
879 833 937 875 non
952 815 1061 875 insulse
1081 815 1252 893 interposito
1268 815 1322 874 illa

230 939 297 983 esse
319 923 464 1000 existimo,
485 927 519 982 ut
537 939 651 981 summa
682 920 773 981 etiam
794 920 998 980 sententialis
1016 920 1210 998 contineatur,
1232 924 1322 996 atque

232 1027 410 1103 interposita
439 1027 539 1103 potius
570 1026 729 1086 videantur
758 1024 851 1084 verba
876 1041 931 1102 qno
952 1022 1084 1083 intendit.
1125 1024 1246 1084 Etenim
1265 1022 1322 1083 hoo

233 1129 362 1188 maxime
383 1133 528 1189 oratorem
546 1129 664 1188 studere
686 1129 747 1187 iam
757 1128 878 1205 saepius
888 1127 1025 1206 vidimus,
1045 1132 1080 1187 nt
1090 1128 1228 1188 ostendat
1242 1127 1322 1187 ultro

231 1229 393 1291 Catilinam
420 1232 452 1290 in
483 1235 582 1291 castra
602 1230 801 1308 profecturum
819 1247 895 1290 esse.
936 1227 1023 1303 Quod
1040 1247 1131 1307 quum
1149 1231 1218 1289 aliis
1238 1230 1321 1307 locis,

229 1339 374 1411 quantum
394 1334 499 1412 potuit,
521 1338 622 1411 aperte
644 1333 849 1411 declaraverit,
870 1330 942 1410 quid
966 1349 1075 1392 causae
1100 1337 1155 1411 est,
1176 1350 1228 1394 cur
1248 1332 1278 1391 h.
1301 1332 1321 1390 1.

230 1438 283 1498 ubi
295 1437 336 1497 ad
356 1437 550 1515 Reipublicae
567 1454 655 1497 voces
669 1436 852 1513 respondens
870 1440 1001 1495 actorum
1023 1453 1144 1495 suorum
1170 1436 1256 1514 quasi
1274 1454 1320 1495 ra-

229 1539 327 1621 tiones
342 1537 448 1616 reddit,
469 1542 500 1598 et
517 1555 594 1615 quae
611 1539 643 1596 in
664 1537 793 1598 secundo
814 1537 913 1614 capite
934 1537 1029 1597 obiter
1045 1541 1161 1598 tanturn
1171 1539 1322 1617 attigerat,

228 1622 354 1702 ulterius
372 1641 502 1720 exponit,
524 1658 614 1718 quum
635 1641 695 1700 iam
716 1640 861 1700 adfinem
875 1644 981 1715 vergat
998 1642 1101 1720 oratio,
1122 1641 1230 1702 tectim
1241 1641 1320 1701 idem

229 1760 388 1822 suppresso
417 1748 578 1804 castrorum
601 1743 719 1803 nomine
744 1741 921 1821 siguificare,
952 1761 1041 1819 quam
1072 1743 1179 1805 iterum
1211 1744 1323 1821 apertis

230 1843 332 1904 verbis
360 1843 489 1904 dilucide
516 1845 663 1922 planeque
687 1844 787 1921 eloqui
813 1844 927 1904 malit?
956 1844 1035 1921 quod
1056 1862 1114 1922 quo
1141 1846 1238 1920 magis
1253 1864 1320 1906 con-

231 1946 336 2027 firmet,
358 1947 467 2008 addere
485 1948 576 2007 etiam
597 1948 651 2007 illa
673 1965 727 2026 qno
748 1946 872 2006 intendit
891 1965 960 2007 eum
980 1949 1127 2009 existimo.
1169 1950 1322 2011 Dissentio

230 2051 322 2127 igitur
341 2069 400 2111 non
421 2069 480 2111 uno
497 2053 615 2112 nomine
633 2069 653 2110 a
669 2051 813 2111 Rinkesio
830 2051 967 2111 dicente:
990 2054 1076 2127 ,Non
1097 2071 1172 2132 opus
1189 2059 1254 2114 erat
1264 2054 1319 2115 ite-

230 2170 296 2214 rum
327 2153 512 2214 senatoribus
542 2153 622 2232 (licet
647 2152 743 2212 stultia
775 2159 801 2211 et
830 2152 971 2229 imperitis
993 2156 1154 2215 secundum
1175 2154 1322 2217 rhetorem

230 2254 377 2334 nostrum)
398 2257 430 2315 in
454 2260 584 2315 mentem
604 2273 743 2316 revocare
763 2255 924 2315 Catilinam
942 2256 974 2314 iu
995 2261 1093 2317 castra
1109 2259 1254 2318 Malliana
1264 2260 1321 2321 itu·

230 2361 326 2439 rum'’;
357 2378 460 2422 rerum
485 2360 560 2422 haec
587 2362 631 2421 ita
648 2359 822 2438 accipienda
843 2377 909 2421 esse
927 2378 1052 2421 censeo:
1074 2364 1161 2423 Nunc
1178 2363 1324 2442 intelligo,

229 2467 257 2526 si
272 2467 338 2545 iste,
360 2483 414 2544 qno
425 2464 550 2524 intendit
570 2465 641 2545 (quo
658 2464 812 2525 intendere
833 2482 902 2524 enm
919 2470 1054 2543 apertum
1081 2466 1150 2545 est),
1172 2469 1204 2526 in
1224 2469 1322 2528 Malli-

230 2588 290 2630 ana
321 2574 420 2631 castra
448 2571 624 2648 pervenerit,
656 2569 804 2630 neminem
831 2569 893 2630 fore
915 2575 971 2630 cet
1012 2571 1092 2630 'lum
1104 2589 1158 2650 pro
1180 2572 1276 2631 stultis
1297 2579 1325 2632 et

231 2672 375 2749 tenneritis
392 2690 460 2732 eum
480 2675 611 2733 voluisse
632 2674 734 2751 opinor
754 2672 892 2750 improbis
917 2680 946 2732 et
961 2673 1121 2751 imperitia:
1142 2694 1322 2754 quamquam

231 2774 308 2836 haee
337 2776 429 2835 verba
460 2777 581 2836 minime
612 2776 651 2836 ad
670 2784 814 2836 senatores
834 2779 990 2839 referenda
1007 2798 1073 2841 esse
1090 2786 1170 2843 recte
1192 2783 1323 2843 ostendit

230 2879 266 2939 B.
306 2877 444 2955 Denique
467 2876 541 2956 lieet,
563 2877 733 2956 quodapud
753 2879 846 2939 bonos
868 2882 1026 2959 scriptores
1046 2882 1201 2943 vimverbi
1221 2884 1321 2963 habet,

233 3000 293 3044 non
315 2981 524 3043 coniunctionis
540 2987 656 3044 tantum
675 2981 767 3061 (quod
777 2983 898 3060 saepius
920 2983 1018 3045 iacere
1036 2984 1134 3064 solet),
1155 2987 1208 3047 sed
1233 2989 1327 3050 etiarn

235 3084 368 3149 odanti
388 3086 453 3149 loco
471 3103 539 3148 eum
562 3084 673 3149 habere
695 3084 840 3147 videmus.

273 3295 350 3356 done
367 3301 477 3373 pestem
497 3296 627 3374 reprimi.
672 3296 807 3371 „Iudicat
827 3297 1067 3359 coniurationem.
1088 3298 1149 3361 Sed
1167 3299 1324 3377 pestistol-

230 3398 312 3478 lituu,
332 3416 392 3459 non
408 3399 587 3477 reprimitur,
607 3416 704 3475 neque
725 3400 934 3477 comprirnitur.
976 3401 1175 3479 Reprimimus
1193 3403 1272 3463 enim
1283 3401 1324 3479 id,

231 3505 316 3565 cuius
327 3503 449 3581 impetur
468 3503 545 3565 est''
573 3505 610 3562 R.
631 3536 672 3547 —
693 3500 790 3576 Quem
807 3505 898 3578 igitur
919 3503 1055 3581 impeturn
1064 3505 1174 3566 habere
1181 3508 1210 3565 ei
1220 3506 1322 3566 viden-

232 3610 282 3667 tur
309 3605 498 3685 inprudentia,
527 3605 698 3665 consuetudo
722 3604 873 3682 peccandi,
901 3604 1062 3681 olinrpotio
1089 3612 1228 3684 suscepto,
1250 3605 1325 3683 supe

233 3709 366 3788 tortione,
387 3709 482 3769 multa
502 3710 572 3786 alia,
594 3726 671 3787 quae
693 3708 869 3769 aGicerone
890 3709 1017 3786 aliisque
1035 3710 1157 3787 reprimi
1166 3712 1322 3772 dicuntum?

232 3814 337 3891 Fingit
347 3814 405 3874 sibi
422 3813 602 3875 latinitatem
619 3812 791 3892 Rinkesiua
803 3831 863 3873 non
879 3813 1014 3890 sequitur
1030 3815 1168 3894 exempla
1180 3822 1325 3896 veterurm

188 3919 190 3922 ⁴
232 3920 305 3997 quin
333 3937 379 3998 ea,
407 3917 467 3977 uisi
505 3917 671 3978 sententiae
696 3915 904 3997 respondeant,
931 3937 985 3979 suo
1018 3920 1163 3980 arbitratu
1186 3921 1323 3982 condem-

232 4028 295 4084 nat.
337 4018 437 4094 Quum
464 4020 537 4081 dicit
558 4038 583 4080 e.
605 4038 649 4095 gr.
670 4018 732 4080 Oic.
754 4019 793 4079 ad
814 4020 887 4081 An:
908 4022 962 4101 XI,
981 4023 1035 4082 15:
1059 4027 1107 4097 „et
1125 4028 1225 4084 cetera
1245 4042 1323 4100 quae

231 4125 305 4188 fletu
325 4124 477 4202 reprimor,
497 4141 537 4184 ue
563 4122 717 4200 scribam,'’
744 4124 857 4182 nullum
876 4124 1012 4203 impeturn
1029 4125 1150 4204 indicat,
1172 4127 1225 4186 sed
1241 4127 1323 4206 fletu,

234 4228 368 4290 lacrimis
392 4246 421 4287 se
443 4225 589 4304 impediri,
615 4243 652 4286 ne
671 4225 789 4286 scribat.
805 4226 876 4286 ibid.
891 4228 929 4305 X,
949 4230 986 4287 9:
1008 4227 1172 4288 Dubitabat
1192 4233 1325 4289 nostrum

238 4351 331 4412 nemo,
353 4333 425 4410 quin
449 4331 560 4393 Caesar
588 4331 695 4391 itinera
720 4333 901 4408 repressisset
927 4365 967 4375 —
997 4333 1098 4393 volare
1119 4331 1246 4391 dicitur''
1267 4336 1323 4392 eet.
