3086 5192
764 443 783 501 8

233 606 338 678 quater
354 601 432 663 leota
448 599 531 663 nullo
550 600 636 662 modo
652 605 753 664 minen
769 601 888 682 penitus
904 598 1070 677 intelligere
1087 602 1179 681 potui,
1201 604 1232 662 et
1241 616 1314 677 qna-

232 721 293 780 qua
316 704 430 765 ratione
458 704 620 784 tentabam,
648 705 777 766 absurda
804 723 920 784 semper
947 704 1095 767 sententia
1119 704 1314 783 efficiebatur,
1340 787 1341 790 Ἴ

230 809 292 870 tale
320 809 392 885 qnid
421 810 499 869 enim
523 809 620 871 dicere
644 810 769 871 videtur.
810 811 954 888 Proptera
977 810 1055 886 qnod
1076 814 1197 870 senatus
1218 807 1315 867 adhue

231 910 308 973 nihil
332 912 453 987 gravius
484 913 516 971 in
542 912 703 975 Catilinam
730 913 872 993 decrevit,
903 913 1012 973 ideireo
1036 930 1113 988 quae
1135 910 1252 971 aCoss.
1275 927 1313 970 ex

231 1014 302 1077 Seto
319 1021 387 1076 aeta
400 1021 470 1078 sunt
491 1016 693 1096 (praesidium,
714 1017 849 1096 vigiliae)
871 1035 1006 1093 quaeque
1023 1019 1124 1094 paullo
1134 1020 1204 1077 ante
1225 1016 1312 1075 inse·

230 1124 305 1180 natu
335 1120 364 1180 ei
392 1120 570 1199 aeciderunt,
601 1137 660 1180 non
685 1124 752 1180 aeta
776 1126 846 1180 sunt
865 1136 962 1195 neque
983 1118 1162 1196 aeciderunt,
1184 1118 1237 1177 sed
1253 1118 1314 1176 iarn

231 1227 359 1297 wouter-
387 1227 414 1280 et
444 1221 587 1300 meldum,
610 1222 849 1297 necquidquam
870 1239 937 1282 eum
957 1226 1076 1280 moneat.
1117 1220 1198 1293 Quid
1215 1224 1314 1280 autem

232 1323 703 1384 eommunehoeverbumhabeat
720 1342 787 1384 oum
808 1323 1012 1402 sentiebatur,
1033 1323 1141 1383 frustm
1163 1323 1313 1397 indagavi

232 1430 275 1503 tu,
296 1426 323 1485 si
340 1425 372 1485 in
389 1426 608 1501 aenigmatibus
629 1427 779 1487 solvendis
795 1426 912 1488 felicior
930 1444 971 1505 es,
991 1430 1085 1488 tenta.

273 1635 376 1696 borum
386 1636 512 1698 ornatum
530 1638 711 1698 emetientis.
729 1638 1049 1713 ,Rem—iraoooarote
1075 1638 1197 1717 exponit
1217 1637 1315 1698 deela-

233 1743 473 1801 mator—erant
490 1742 608 1803 enimin
618 1745 733 1818 senatu,
754 1741 805 1816 qui
816 1758 882 1801 oum
892 1741 1022 1801 Catilina
1033 1740 1113 1818 apud
1122 1742 1162 1799 M.
1185 1740 1315 1800 Laecam

233 1842 461 1903 convenerant.''
483 1843 519 1901 R.
541 1875 582 1885 —
595 1843 940 1922 Demonstrarepossem,
960 1843 1314 1920 horumpraesentiama·

231 1947 280 2022 gis
301 1947 391 2007 etiam
413 1949 601 2009 constrictam
621 1949 716 2009 teneri
743 1948 982 2026 coniurationem,
1003 1964 1077 2024 qnos
1095 1950 1186 2008 testes
1204 1946 1315 2024 consul,

233 2049 260 2108 si
287 2066 344 2109 usn
371 2050 495 2129 veniret,
525 2051 558 2110 in
578 2050 738 2111 Catilinam
757 2055 859 2130 posset
880 2050 1029 2129 adhibere,
1050 2056 1084 2110 nt
1104 2051 1201 2128 ipsum
1215 2050 1313 2110 dioen-

232 2157 292 2212 tem
320 2153 456 2213 andimus
478 2155 498 2232 ἕ
518 2156 546 2213 8.
591 2156 688 2229 ,Num
708 2174 819 2230 negare
838 2155 956 2215 audes?
978 2155 1050 2231 quid
1070 2155 1177 2215 tanes?
1195 2155 1315 2216 eonvin·

233 2277 298 2318 earn
319 2259 345 2318 si
376 2275 485 2338 negas;
516 2259 603 2319 video
634 2261 713 2319 enim
733 2261 783 2320 hie
802 2261 834 2318 in
855 2264 962 2320 senatu
979 2259 1130 2337 quosdam,
1151 2260 1203 2334 qui
1219 2263 1316 2319 tenum

231 2378 292 2419 una
309 2360 457 2421 fuerunt.''
499 2359 560 2421 Sed
589 2380 627 2421 ne
651 2361 726 2422 forte
746 2361 820 2422 mihi
837 2362 976 2423 obiiciat:
999 2362 1076 2441 qaid,
1097 2361 1123 2420 st
1145 2368 1171 2420 et
1192 2361 1224 2420 lo·
1242 2367 1315 2421 tuoe-

233 2468 321 2525 reot?
364 2465 539 2528 Sallustium
551 2471 659 2528 testem
669 2468 820 2546 invocabo,
843 2467 893 2542 qui
911 2486 935 2526 o.
955 2469 1002 2526 31.
1014 2466 1052 2527 de
1066 2467 1168 2526 eodem
1178 2466 1234 2527 hoo
1248 2483 1314 2525 eon-

233 2572 325 2629 ventu
353 2588 445 2645 agens
476 2570 564 2631 dieit:
608 2572 674 2646 ,Ad
703 2572 760 2631 hoe
790 2571 949 2631 maledieta
980 2571 1041 2630 alia
1071 2588 1162 2645 quum
1193 2569 1315 2630 adderet

233 2671 399 2751 (Catilina),
431 2673 600 2750 obstrepere
618 2691 721 2751 omnes,
742 2673 858 2733 hostem
879 2677 968 2748 atque
986 2671 1163 2750 parricidam
1179 2650 1314 2733 voeare.”

231 2773 320 2848 Quod
346 2777 405 2835 nisi
435 2776 605 2854 probaverit
636 2776 807 2855 Rinkesius,
839 2780 992 2836 senatores
1016 2776 1092 2854 illos,
1125 2776 1177 2849 qui
1197 2774 1315 2835 Laesae

232 2877 350 2937 domum
381 2879 596 2956 convenissent,
628 2883 698 2938 ante
729 2878 849 2956 abiisse,
880 2883 933 2938 aut
958 2877 1091 2938 eiusdem
1114 2878 1315 2953 negligentiae

231 2983 416 3062 Sallustium,
447 2988 499 3043 ant
527 3000 560 3043 se
587 2983 652 3060 ipse
683 2984 848 3042 calumniae
868 2983 901 3041 in
918 2982 1145 3042 declamatorem
1174 2981 1315 3041 damnare

234 3087 363 3148 debebit.
384 3085 445 3146 Sed
465 3085 541 3145 sciat
561 3102 620 3145 non
640 3103 659 3143 a
679 3083 822 3145 Sallustio
835 3089 958 3163 tantum,
980 3083 1062 3143 seda
1082 3084 1223 3144 Cicerone
1233 3084 1314 3144 aliis-

232 3208 291 3266 que
302 3189 493 3266 scriptoribus
513 3186 688 3265 saepissime
705 3204 801 3245 omnes
822 3204 859 3246 ea
880 3184 1027 3245 sententia
1047 3186 1192 3264 usurpari,
1212 3189 1315 3246 utnon

233 3293 271 3353 de
294 3297 356 3353 toto
374 3308 503 3370 numero,
532 3290 585 3351 sed
605 3290 770 3350 de-maiore
787 3294 872 3367 parte
889 3289 1012 3368 dicatur,
1033 3293 1067 3349 ut
1087 3306 1177 3367 supra
1197 3307 1314 3349 eoaear·

235 3416 284 3457 sos
316 3396 452 3455 bonorum
482 3394 616 3473 moriam,
642 3394 662 3472 ξ
692 3397 740 3456 12.
772 3393 860 3452 ritum
880 3393 1006 3453 emulano
1036 3392 1147 3472 cloiam,
1173 3411 1232 3469 quo
1252 3394 1316 3454 loeo

235 3503 322 3581 plura
342 3500 430 3560 huius
457 3497 574 3573 generis
593 3497 729 3574 exempla
756 3497 901 3571 colligam.

278 3717 299 3794 ξ
322 3719 351 3774 2.
374 3713 397 3773 0
428 3713 579 3790 teutpert!
609 3712 761 3770 emeres!
783 3709 964 3784 „Notissima
981 3714 1027 3771 est
1043 3711 1118 3772 haee
1131 3714 1316 3793 erolamatio,

237 3817 412 3879 nostroloeo
422 3815 522 3901 inepte
537 3817 567 3873 et
577 3814 690 3872 insulse
706 3813 814 3889 posita.
833 3813 980 3873 Martialis
990 3813 1159 3875 Ciceronem
1177 3834 1214 3877 ea
1229 3834 1317 3878 usum

234 3922 327 3983 nusae
348 3920 392 3980 sio
415 3918 546 3978 indicat:

356 4024 482 4085 Dixerat
501 4039 520 4081 o
540 4039 644 4101 mores,
665 4038 683 4081 o
702 4026 843 4098 tempora,
860 4020 979 4081 Tullius
988 4020 1058 4079 olim

358 4129 542 4204 Sacrilegum
561 4130 688 4186 strueret
707 4143 774 4186 oum
793 4126 923 4186 Catilina
943 4125 1036 4186 nefas.

279 4237 342 4294 Neo
363 4233 458 4293 defuit
479 4237 574 4290 tomen
591 4232 643 4306 qui
663 4231 759 4289 locum
779 4234 882 4308 aptum
898 4229 991 4289 fuisse
1008 4229 1119 4289 diceret
1136 4229 1206 4290 huie
1221 4233 1315 4292 acola-

236 4340 359 4402 mationi
376 4339 408 4397 in
424 4337 555 4398 Catilina
575 4334 791 4414 perterrendo.’'
803 4336 840 4394 R.
851 4368 891 4378 —
902 4335 971 4396 Non
977 4333 1111 4409 intelligo
1122 4353 1181 4411 quo
1193 4336 1315 4397 oonsilio
