3086 5192
745 452 781 509 75

220 611 454 688 imprudentibus
471 629 503 671 re
514 629 585 670 vera
603 610 732 670 absurda
744 613 832 686 atque
848 611 949 686 inepta
959 608 1055 668 videri
1066 608 1203 686 debeant,
1225 622 1300 684 quae

220 719 317 776 orator
344 714 424 775 dioit.
466 713 526 774 Sed
553 730 643 790 quum
671 713 703 773 id
724 716 826 787 ageret
846 711 957 790 Gioero,
978 715 1012 771 nt
1032 711 1186 788 quibusvis
1206 708 1301 770 modis

219 817 378 878 Catilinam
398 834 569 895 permovere
587 817 665 876 velle
683 815 840 892 videretur,
862 819 896 875 ut
916 814 1018 873 urbem
1032 814 1222 890 relinqueret,
1244 810 1301 870 Pa·

220 918 308 978 aiom
324 921 343 977 i.
363 938 388 980 e.
400 920 520 997 Urbem,
541 919 709 995 loquentem
729 918 809 996 feeit,
830 934 907 993 quae
927 918 991 976 iure
1009 917 1136 991 quodam
1151 915 1301 993 postulare

218 1028 328 1100 posset,
359 1027 393 1082 ut
412 1023 596 1100 periculosus
610 1023 693 1100 aivis,
715 1023 766 1098 qui
787 1022 905 1098 impune
924 1019 1030 1082 caedes
1047 1023 1239 1097 perpetraret,
1259 1019 1301 1077 le-

219 1141 273 1200 ges
293 1124 427 1203 violaret,
448 1125 571 1185 exitium
591 1124 657 1183 urbi
685 1128 812 1201 pararet,
834 1141 924 1200 quum
945 1128 1026 1183 aeria
1043 1124 1080 1183 de
1102 1140 1192 1182 eausa
1212 1122 1302 1181 inter·

219 1227 267 1287 fiei
297 1229 427 1289 nondum
458 1230 587 1307 deberet,
618 1247 656 1289 ex
672 1229 746 1289 urbe
767 1230 956 1304 egrederetur
973 1246 1008 1287 aa
1025 1228 1106 1288 aives
1127 1232 1207 1287 metu
1229 1225 1301 1286 libe·

218 1335 306 1391 rarat.
348 1333 436 1392 Nune
459 1350 550 1409 quum
574 1332 648 1392 satis
679 1336 813 1392 constare
834 1331 960 1409 videtur,
982 1349 1049 1392 eum
1070 1331 1101 1389 in
1120 1333 1217 1391 castra
1236 1345 1303 1406 pro·

218 1434 372 1514 facturum,
403 1453 439 1495 aa
469 1437 584 1514 patriae
612 1436 723 1497 bellum
740 1437 891 1496 illaturum
923 1453 999 1514 esse,
1019 1436 1094 1495 illud
1115 1451 1221 1494 eavere
1241 1437 1269 1494 st
1292 1466 1302 1476 ·

220 1538 279 1615 det,
310 1556 348 1598 ne
370 1538 460 1599 huius
484 1539 528 1599 rei
558 1540 646 1616 culpa
673 1540 705 1597 in
734 1557 766 1599 se
788 1539 963 1617 conferatur,
984 1544 1015 1600 et
1035 1537 1250 1615 Rempablioara
1268 1554 1305 1596 ea

221 1644 320 1704 omnia
347 1644 404 1704 sibi
436 1645 623 1705 obiicientem
654 1645 734 1722 facit,
762 1663 839 1722 quae
867 1662 1080 1721 aquoaunque
1096 1644 1146 1703 vel
1166 1642 1235 1721 dioi,
1255 1641 1305 1700 vel

220 1746 345 1821 eogitari
364 1763 452 1823 posse
469 1747 627 1826 intelligat,
647 1752 681 1807 ut
692 1748 799 1807 deinde
819 1748 867 1807 his
882 1747 1096 1826 respondendo,
1117 1752 1207 1824 atque
1218 1745 1305 1805 aliter

220 1849 317 1910 faeere
328 1851 633 1927 seneopotuisseneo
651 1851 789 1912 debuisse
808 1851 999 1929 ostendendo,
1019 1851 1096 1911 hano
1114 1869 1133 1909 a
1151 1867 1182 1910 se
1198 1847 1304 1908 invidi-

220 1971 269 2014 am
296 1958 441 2013 amoveat.
490 1953 587 2026 Quam
618 1953 738 2014 Patriae
768 1955 788 2013 i.
820 1973 846 2014 e.
878 1955 1071 2033 Reipublicae
1099 1951 1306 2031 querimoniam

218 2075 309 2134 prope
339 2056 446 2116 iustam
472 2057 540 2135 diei,
572 2057 705 2134 ineptum
721 2057 866 2117 Rinkesio
879 2057 1010 2117 videtur:
1032 2073 1209 2133 quamquam
1227 2054 1306 2114 idem

222 2160 242 2237 ξ
277 2159 295 2218 5
320 2159 359 2217 ad
389 2159 494 2219 verba:
526 2158 607 2218 intra
627 2159 739 2232 moeaia
758 2158 822 2237 (ubi
838 2158 920 2237 vide)
941 2160 1089 2220 rhetorem
1106 2159 1223 2235 lapsum
1240 2173 1306 2217 esse

223 2266 266 2324 ita
282 2264 479 2324 demonstrat:
503 2282 589 2338 ,nam
606 2264 788 2341 reipublicae
809 2264 970 2341 perniciem
986 2263 1118 2324 Catilina
1137 2263 1228 2322 etiam
1245 2278 1305 2321 mo·

222 2369 270 2428 liri
291 2373 407 2446 poterat
438 2372 522 2428 extra
553 2368 683 2447 urbem'',
705 2373 735 2428 et
759 2369 779 2445 ὅ
804 2372 851 2427 12.
870 2366 1005 2427 residebit
1018 2368 1050 2426 ia
1066 2366 1215 2444 republica
1235 2370 1306 2426 eet:

225 2474 345 2548 „Voluit
366 2473 399 2532 ia
419 2472 506 2542 ai·de;
517 2492 586 2532 nam
604 2476 655 2551 qui
676 2474 708 2532 in
725 2478 823 2533 eastra
840 2474 984 2533 Malliana
1004 2471 1306 2551 proficiscebanturin

221 2577 374 2654 republica
394 2593 510 2654 quoque
531 2577 644 2637 erant.'’
667 2574 713 2636 Ob
733 2577 811 2636 hano
831 2577 927 2653 ipsam
949 2567 1069 2637 oausam
1089 2575 1181 2650 igitur
1190 2576 1305 2652 Respu-

223 2678 302 2739 blioa
322 2680 386 2738 iure
403 2698 494 2756 prope
505 2681 589 2757 queri
608 2679 733 2758 videtur,
754 2680 817 2738 suis
828 2678 1042 2755 quodammodo
1052 2678 1194 2757 impensis
1204 2677 1307 2738 urbem

222 2780 278 2841 hoo
301 2786 431 2840 monstro
460 2782 618 2843 liberatum
649 2783 695 2840 iri.
741 2780 856 2853 Quibus
871 2783 1001 2858 querelis
1018 2782 1162 2859 quomodo
1183 2782 1221 2841 ab
1241 2797 1306 2841 ora-

223 2893 287 2949 tore
322 2890 498 2965 ooonrratur,
530 2904 627 2963 neque
655 2886 834 2945 audiendum
859 2904 925 2947 esse
949 2886 1125 2946 Rinkesimn
1145 2887 1305 2947 dicentem:

225 2991 405 3066 „Videamus
432 3009 512 3070 vero,
540 2990 612 3067 quid
642 3007 661 3048 a
692 2988 812 3048 consule
837 2992 1003 3066 reponatur,
1025 2994 1058 3049 ut
1076 2993 1219 3066 appareat
1240 3005 1306 3047 eum

222 3114 282 3156 non
313 3097 344 3156 id
373 3097 479 3174 egisse,
500 3100 533 3155 ut
553 3095 680 3173 patriam
704 3074 830 3153 dioendo
850 3109 989 3175 superare
1006 3092 1135 3152 voluisse
1155 3091 1305 3171 rideatur,

223 3201 287 3278 ipse
316 3200 395 3260 enim
426 3200 453 3258 si
479 3197 543 3259 fieri
564 3202 662 3276 potest
693 3191 789 3271 magis
817 3195 907 3256 etiam
935 3194 1072 3273 titubat,”
1099 3198 1167 3272 post
1193 3194 1307 3255 videbi·

223 3318 297 3378 mus,
317 3301 368 3360 ubi
389 3300 428 3359 ad
449 3318 514 3377 oap.
535 3300 596 3359 Xll
611 3301 719 3358 erimus
739 3299 897 3377 progressi.

264 3403 325 3465 Sed
345 3404 441 3483 iniis,
462 3422 538 3480 quae
558 3404 590 3462 in
610 3403 667 3463 hae
685 3403 868 3481 expositione
889 3421 1006 3480 semper
1026 3404 1081 3464 tali
1102 3401 1188 3462 modo
1208 3401 1306 3462 ioean·

224 3508 262 3569 do
283 3514 314 3570 et
333 3507 490 3584 garriendo
511 3507 619 3569 oratori
639 3508 712 3568 vitio
740 3506 811 3568 dare
832 3508 938 3586 pergit,
959 3507 1106 3583 quaedam
1120 3512 1220 3567 tamen
1241 3523 1307 3567 esse

224 3611 366 3672 videntur
393 3629 469 3689 quae
495 3610 526 3670 h.
547 3612 568 3669 l.
590 3614 659 3669 sunt
676 3609 841 3687 refutanda,
864 3611 935 3684 quia
963 3610 1002 3668 ad
1022 3611 1120 3687 ipsum
1141 3628 1166 3670 a.
1183 3609 1244 3670 XII
1271 3627 1308 3670 aa

224 3733 283 3776 non
301 3716 431 3789 attingit.
471 3715 552 3774 Dioit
570 3714 662 3773 enim:
686 3714 849 3789 „quomodo
864 3714 1014 3774 oonoiliari
1035 3715 1129 3792 possit
1141 3715 1222 3792 prior
1237 3732 1308 3794 pars

224 3819 313 3880 huius
334 3819 440 3897 eapitis
463 3821 501 3877 12
522 3836 588 3878 oum
609 3818 817 3897 superioribus,
839 3817 892 3877 alii
912 3818 1063 3879 videant.''
1094 3817 1191 3894 Quam
1208 3824 1308 3882 autem

226 3924 421 3985 differentiam
453 3914 491 3983 se*
516 3923 666 3984 detexisse
698 3928 785 4002 putat
804 3924 881 3984 inter
899 3941 935 3983 ea
957 3941 1033 3999 quae
1054 3926 1193 4001 leguntur
1214 3926 1234 4003 ξ
1254 3928 1307 3985 30:

225 4027 310 4088 otalii
329 4060 369 4071 -
390 4025 545 4087 erudeliter
574 4032 601 4086 et
617 4026 695 4104 repie
712 4027 823 4103 saetam
843 4045 903 4086 esse
920 4027 1055 4107 diaereat,
1076 4034 1107 4089 et
1128 4029 1148 4106 ὅ
1169 4028 1201 4089 5:
1223 4045 1310 4106 qaam

225 4132 376 4212 qaisquam
404 4130 550 4190 aaadelias
571 4129 681 4206 foetam
702 4149 761 4190 esse
778 4130 865 4209 dieat,
886 4132 945 4190 iam
963 4130 1002 4190 ad
1021 4129 1100 4192 huno
1119 4131 1216 4191 loaum
1237 4147 1256 4189 a
1273 4130 1308 4190 B.

225 4239 383 4299 refutatam
408 4255 473 4297 esse
506 4236 630 4297 ostendi.
683 4233 743 4296 Sed
770 4235 844 4296 illud
869 4238 959 4296 etiam
980 4236 1104 4296 iudicat:
1139 4233 1308 4311 ,confessus

226 4347 271 4403 est
302 4346 399 4406 orator
431 4341 451 4418 §
486 4343 537 4400 12:
571 4357 600 4398 se
621 4339 747 4401 aoridara
768 4339 874 4400 eadere
891 4340 1052 4417 interficere
1071 4337 1243 4400 Catilinam:
1265 4339 1309 4411 alf
