3086 5192
743 470 781 528 57

229 646 300 688 nare
321 627 455 688 videmus
475 644 535 705 pag
553 629 606 687 31:
631 628 684 702 ,In
705 627 763 686 fine
785 646 809 687 c.
833 629 859 685 9.
882 627 946 704 ipse
964 632 1062 687 crater
1079 627 1243 687 luculenter
1260 625 1314 685 de-

229 735 372 791 monstrat
398 749 499 791 verum
518 747 583 791 esse
605 730 683 808 quud
703 730 735 788 in
753 730 838 789 initio
858 729 940 789 illius
961 729 1067 806 capitis
1084 730 1192 807 posuit,
1213 727 1312 787 onmia

229 849 329 910 nempe
348 851 423 911 quae
442 832 568 893 dixisset
588 833 664 892 nihil
685 851 750 893 esse
772 837 802 893 et
818 832 906 893 facile
929 834 1024 893 omitti
1045 832 1210 910 petuissc:”
1252 829 1312 903 Qui

228 951 298 993 vcro
322 940 402 994 reete
429 935 542 995 iudicat
570 939 600 994 ct
631 953 693 995 rem
721 935 796 994 bene
823 936 973 1014 perspicit,
994 935 1025 993 in
1045 934 1093 994 his
1113 935 1187 1012 ipsis
1208 934 1312 992 miram

229 1037 353 1096 cratoris
363 1040 457 1096 artem
478 1038 621 1116 agnoscit,
642 1038 693 1113 qui
714 1041 744 1096 et
764 1054 797 1096 se
814 1037 930 1112 magnis
951 1037 1173 1096 difficultatibus
1190 1036 1312 1095 circum·

229 1144 350 1200 ventum
374 1140 485 1216 optima
507 1141 621 1199 ratione
649 1139 809 1216 expedivit,
832 1144 861 1198 et
878 1157 948 1199 vero
965 1158 1027 1198 rem
1047 1139 1197 1216 publicam
1218 1153 1311 1211 egra-

229 1242 351 1300 vissima
379 1246 409 1301 et
439 1241 689 1318 periculosissima
717 1241 918 1300 coniuratione
940 1242 1079 1301 servavit.
1121 1238 1220 1313 Quum
1235 1239 1313 1299 enim

229 1344 371 1404 audacem
403 1344 609 1420 crudelemque
641 1343 798 1420 hominem,
826 1361 914 1418 quem
934 1343 1098 1402 interficere
1120 1340 1249 1400 nendmn
1266 1345 1312 1399 tu-

228 1452 291 1506 tum
311 1464 408 1522 neque
436 1447 510 1506 utile
539 1446 740 1522 arbitraretur,
772 1445 992 1521 quoquomodo
1014 1462 1052 1504 ex
1073 1444 1145 1503 urbe
1162 1460 1312 1503 removen-

230 1550 300 1611 dum
321 1566 387 1609 esse
407 1550 531 1627 videret,
551 1549 609 1608 duc
628 1549 659 1607 in
679 1548 736 1606 hac
753 1565 785 1607 re
802 1548 930 1608 maxime
951 1548 1008 1607 sibi
1027 1547 1161 1607 cavenda
1181 1563 1247 1606 esse
1268 1546 1312 1604 in-

230 1651 355 1730 tellexit3
374 1668 448 1728 cum,
466 1669 503 1709 ne
525 1650 584 1710 diei
604 1655 706 1727 posset
726 1654 827 1709 centra
848 1651 945 1725 legem
963 1667 1030 1709 eum
1051 1651 1082 1709 in
1101 1649 1238 1710 exsilium
1259 1647 1312 1707 mi·

223 1753 322 1830 sisse3
344 1757 407 1812 tum
438 1770 507 1812 vero
537 1752 708 1831 (quodiam
733 1770 823 1829 supra
843 1752 1028 1811 ostendimus
1049 1772 1078 1829 p.
1104 1749 1157 1827 33)
1186 1768 1224 1810 ne
1245 1766 1314 1810 asc

230 1872 289 1914 non
317 1859 378 1913 tam
410 1854 535 1913 emissus
568 1872 606 1914 ex
637 1856 717 1933 urbe,
739 1873 828 1931 quam
848 1855 881 1915 in
902 1855 1004 1914 urbem
1025 1853 1165 1914 inmissus
1186 1871 1252 1913 esse
1269 1852 1312 1911 vi-

230 1958 357 2018 deretur.
386 1940 550 2034 Utrumque
579 1961 679 2018 autem
700 1958 743 2017 ita
765 1959 853 2035 cavit,
883 1961 916 2017 ut
945 1962 975 2017 et
1002 1957 1132 2017 Catilina
1160 1956 1224 2016 eius
1248 1972 1312 2015 cra-

230 2060 310 2120 ticnc
342 2060 381 2120 ad
405 2060 642 2138 desperationem
660 2060 798 2119 redactus
818 2059 899 2138 (vide
920 2079 950 2136 p.
972 2057 1025 2136 34)
1046 2063 1151 2135 sponte
1172 2075 1227 2117 sua
1246 2073 1313 2134 prc-

231 2162 326 2224 fectus
343 2163 484 2240 sit-prius
506 2181 594 2239 quam
609 2162 745 2222 Consulis
762 2161 958 2221 interficiendi
969 2162 1123 2221 consilium
1132 2160 1315 2239 perfecisset,

232 2271 262 2327 ct
279 2283 349 2327 vero
369 2266 444 2324 nulli
462 2270 630 2326 senatorum
651 2270 786 2343 apertum
806 2282 865 2324 nen
886 2268 980 2342 esset,
1001 2265 1061 2323 iam
1088 2264 1199 2323 dudmn
1216 2264 1248 2322 in
1266 2280 1313 2322 ca-

232 2374 295 2430 stra
313 2369 516 2447 proficiscendi
534 2369 688 2430 consilium
709 2369 806 2444 ipsmn
823 2368 921 2426 animo
938 2367 1056 2446 scrisse,
1077 2372 1107 2427 et
1127 2366 1183 2426 hcc
1199 2369 1315 2426 tantum

229 2471 397 2549 paullulum
407 2490 504 2532 morae
525 2472 551 2530 ei
571 2471 672 2550 divisse,
693 2471 768 2550 quod
788 2469 893 2529 Consul
914 2469 1056 2546 rivaus
1079 2470 1106 2528 9.
1125 2467 1186 2528 Sed
1195 2468 1314 2528 tandem

231 2577 386 2636 veniamus
403 2576 442 2634 ad
461 2575 624 2653 posteriora
645 2576 698 2634 illa
718 2573 857 2634 Rinkesii
871 2574 976 2632 verba:
998 2572 1098 2631 iseum
1118 2577 1221 2631 metuet
1242 2571 1314 2629 iuci-

232 2678 298 2737 de'ae
316 2684 507 2754 tenpestatem
523 2683 589 2756 eet,
610 2696 686 2754 quae
706 2695 825 2756 prorsus
842 2677 989 2738 centraria
1003 2680 1072 2736 sunt
1082 2676 1129 2754 iis,
1150 2692 1226 2751 quae
1244 2673 1316 2735 dicit

232 2786 338 2843 crater.
349 2783 450 2841 Verba
460 2784 548 2842 enim:
572 2782 621 2841 sed
639 2789 680 2840 est
691 2783 773 2859 tanti,
785 2782 935 2841 dautmcdc
946 2786 1001 2842 cet.
1013 2799 1071 2841 ncn
1082 2786 1187 2839 ructum
1197 2779 1315 2855 quidem

232 2884 373 2961 indicant,
396 2883 448 2943 sed
463 2889 602 2960 puratum
622 2902 689 2943 eum
707 2900 772 2942 esse
790 2883 829 2941 ad
840 2884 983 2942 invidiam
993 2882 1220 2960 suscipiendam,
1230 2881 1316 2943 modo

232 3005 287 3048 sua
298 2987 453 3047 calamitas
468 3004 486 3046 a
500 2986 544 3046 rei
566 2986 703 3062 publicae
724 2984 863 3063 periculis
892 2984 1069 3062 aucupatur,
1090 3002 1158 3062 nen,
1179 2984 1258 3060 qued
1278 2985 1315 3044 R.

231 3111 370 3171 perverse
391 3092 472 3170 dicit,
491 3091 642 3150 coniuncta
656 3090 702 3170 sit,
732 3091 784 3167 qni
805 3090 901 3150 iocose
919 3089 994 3150 baec
1014 3088 1190 3149 confundere
1200 3087 1318 3149 videtur

232 3215 298 3258 cum
318 3196 365 3273 iis,
387 3212 464 3270 qnae
481 3193 661 3271 legunturs
686 3195 721 3252 4:
745 3191 922 3269 ,perniciem
943 3209 1039 3250 meam
1060 3209 1126 3250 cum
1143 3207 1252 3265 magna
1268 3207 1315 3251 ca·

232 3301 366 3361 lamitate
383 3300 427 3359 rei
447 3300 583 3377 publicae
605 3315 671 3358 esse
692 3297 906 3374 coniunctam'',
927 3314 987 3356 non
1004 3297 1164 3358 observans
1177 3313 1317 3369 magnum

233 3403 311 3480 qued
332 3404 410 3462 inter
429 3407 585 3476 utrumque
600 3401 697 3461 locum
717 3399 831 3460 obtinet
851 3399 1017 3459 discrimen.
1059 3398 1120 3458 Sed
1137 3416 1194 3476 qno
1210 3399 1316 3461 melius

232 3508 311 3568 bunc
330 3508 427 3567 locum
444 3506 610 3581 intelligere
631 3506 734 3582 possit,
756 3504 883 3565 similem
911 3504 1076 3564 describam
1093 3521 1131 3562 ex
1148 3501 1230 3563 Orat.
1250 3503 1315 3564 Oat.

231 3610 263 3668 II
284 3627 309 3670 c.
332 3612 358 3686 7,
380 3609 400 3685 ξ
425 3609 481 3667 15:
506 3608 579 3681 ,list
598 3606 671 3665 mihi
692 3607 778 3683 tanti,
800 3604 940 3682 Quirites,
961 3605 1050 3664 huius
1070 3605 1201 3663 invidiae
1221 3604 1317 3665 falsae

234 3718 322 3789 atque
350 3713 471 3788 iniquae
499 3714 706 3787 tempestatem
738 3709 846 3787 subire,
877 3708 1033 3768 dummodo
1064 3727 1083 3767 a
1113 3710 1198 3769 vobis
1228 3708 1317 3769 huius

234 3815 383 3874 horribilis
413 3813 484 3875 belli
516 3831 553 3872 ae
579 3812 685 3872 nefarii
713 3812 876 3890 perieulum
903 3812 1097 3889 depellatur.''
1139 3811 1224 3886 Quae
1246 3831 1317 3874 vero

235 3920 343 3980 deinde
384 3920 457 3979 dicit
490 3920 527 3977 R.
568 3919 657 3995 plane
685 3917 902 3978 inconsiderate
933 3918 962 3976 ei
986 3917 1131 3977 excidisse
1159 3916 1315 3980 videntur:

237 4022 296 4095 „nt
320 4022 377 4082 bac
404 4023 436 4081 iu
463 4039 495 4081 re
527 4021 618 4081 etiam
642 4021 783 4080 titubavit
800 4020 988 4098 declamator,
1010 4019 1087 4097 qued
1109 4038 1147 4078 cx
1168 4020 1316 4081 Catilinae

234 4117 340 4185 exsilio
368 4128 453 4201 putet
480 4122 610 4182 invidiae
642 4126 848 4200 tempestatem
874 4139 939 4182 esse
968 4120 1080 4180 crtam”
1102 4123 1168 4195 cet,
1209 4119 1316 4194 quibus

234 4229 305 4305 quid
316 4228 422 4288 faciam
444 4228 553 4287 nescio.
577 4223 676 4285 Ortum
699 4243 759 4283 esse
778 4228 993 4302 tempestatem,
1014 4239 1103 4299 quam
1121 4220 1153 4278 iu
1163 4221 1315 4296 posterita-

236 4336 290 4390 lau
321 4329 376 4388 stit
404 4329 567 4405 impendere
598 4328 688 4388 dicit!
730 4327 808 4387 Tum
840 4332 933 4386 crtum
961 4344 996 4384 ea
1018 4321 1316 4399 macerabuntur
