3086 5192
762 459 802 516 to

238 619 344 678 mentis
363 617 495 675 convicte
516 616 574 691 ipsi
594 631 769 691 persuasum
787 616 834 691 sit,
857 632 889 674 se
901 616 932 672 in
943 616 1015 675 urbe
1026 633 1146 675 manere
1158 635 1217 676 non
1228 636 1324 696 pesse,

237 719 385 795 optionem
406 719 434 777 ei
451 718 616 793 relinquere
637 716 763 792 videtur,
786 721 883 775 utrum
897 718 1065 776 voluntaria
1082 724 1184 797 morte,
1204 720 1325 795 aufuge

235 823 344 881 uirium
365 821 458 879 oculis
479 837 511 878 se
532 818 721 878 substrahere
743 818 836 876 malit.
879 818 957 877 Vere
979 819 1070 892 igitur
1098 820 1135 878 R.
1163 820 1249 880 dicit:
1273 821 1325 896 ,Si

235 926 309 985 haee
334 923 501 998 significare
522 924 640 983 debent:
660 940 711 980 retr
732 920 940 980 morimetcis?
963 922 1076 982 insulsa
1098 928 1143 983 est
1154 924 1207 982 illa
1217 942 1323 1001 quaes-

235 1029 295 1088 tie”
315 1034 384 1106 cet,
407 1028 529 1087 sedeur
547 1027 635 1103 dicat,
656 1025 765 1103 neseio,
788 1024 855 1101 quis
876 1025 954 1083 onim
972 1024 1015 1083 ita
1036 1025 1245 1102 interpretatus
1257 1027 1321 1086 est?

233 1135 333 1194 Minus
350 1135 426 1193 bene
443 1133 521 1192 idem
539 1131 660 1190 deinde:
685 1131 790 1204 ,Nunc
807 1129 925 1187 domum
943 1129 1025 1188 iubet
1042 1127 1201 1188 Catilinam
1220 1131 1263 1189 ire
1291 1132 1323 1189 iu

235 1238 381 1313 exsilium,
413 1235 491 1311 quod
518 1234 628 1293 nemini
654 1232 769 1306 iniungi
787 1249 874 1308 pesse
901 1248 990 1308 supra
1021 1231 1113 1291 dixi.''
1155 1231 1239 1292 Nihil
1260 1252 1321 1292 ma-

233 1339 280 1412 gis
300 1337 330 1396 h.
351 1338 371 1395 l.
394 1337 483 1414 iubet,
517 1335 642 1412 quam§
668 1338 725 1413 133
749 1335 802 1394 sed
832 1334 1041 1394 necessitatem
1066 1335 1094 1393 ci
1111 1336 1247 1414 ostendit,
1269 1342 1321 1395 aut

232 1440 415 1501 moriendum
436 1457 511 1519 esse,
532 1444 592 1517 aut,
614 1439 640 1497 si
655 1439 762 1498 adhoc
781 1439 896 1496 animus
921 1437 1006 1514 desit,
1029 1455 1066 1496 ex
1087 1438 1158 1496 urbe
1169 1439 1320 1499 disceden-

232 1547 311 1606 dum.
360 1546 407 1603 Ex
439 1561 497 1621 quo
528 1547 701 1618 argumento
726 1560 816 1618 quum
837 1547 908 1617 apta
925 1541 984 1599 sint
1002 1540 1064 1600 fere
1083 1559 1158 1618 quae
1181 1542 1321 1620 deinceps

231 1650 353 1726 iocatur,
385 1647 501 1706 sublato
531 1645 722 1706 trudamento
739 1646 880 1721 pleraque
899 1644 992 1703 everti
1016 1662 1138 1704 necesse
1161 1650 1215 1705 est.
1238 1648 1319 1707 Reli-

231 1768 290 1826 qua
307 1755 359 1809 aut
376 1767 435 1808 non
452 1752 540 1823 egent
558 1748 767 1825 disputatione,
789 1750 841 1805 aut
859 1762 912 1805 suo
930 1747 993 1805 loco
1015 1752 1207 1823 exponentur.

271 1956 359 2035 refer,
390 1956 495 2033 iapida,
527 1954 566 2012 od
595 1959 739 2020 serratam
769 1952 800 2009 id
822 1952 899 2010 cretur
916 1953 1056 2028 portatos.
1101 1956 1256 2028 ,Ridicule
1280 1956 1318 2017 de

231 2060 362 2119 Catilina
382 2058 438 2118 hoe
458 2058 628 2134 affirmatur,
650 2057 701 2133 qui
723 2073 874 2131 nunquam
893 2055 949 2115 hoc
967 2058 1140 2137 postularet,
1162 2065 1240 2119 certe
1258 2077 1317 2118 non

231 2165 311 2242 apud
332 2181 383 2223 eos
404 2167 564 2240 senatores,
586 2177 660 2237 quos
677 2178 820 2237 persaepe
841 2158 881 2218 ad
901 2160 1023 2220 caedem
1040 2162 1242 2242 constituerat,
1254 2165 1317 2240 qui-

230 2287 297 2343 que,
319 2268 407 2327 simul
428 2272 517 2342 atque
535 2265 566 2322 iu
584 2268 720 2322 senatum
741 2267 872 2340 venerat,
893 2280 958 2322 cam
974 2269 1089 2339 partem
1101 2266 1316 2345 subselliorum,

229 2374 281 2431 ubi
302 2373 353 2431 ille
371 2372 492 2448 assedit,
513 2369 623 2427 nudam
644 2372 734 2446 atque
756 2369 875 2426 inanem
891 2368 1103 2445 reliquerunt.”
1145 2369 1196 2430 sic
1213 2372 1259 2450 R,
1271 2372 1318 2432 eui

230 2479 395 2555 obsecutus,
414 2481 447 2536 ut
463 2476 589 2549 videtur,
600 2475 722 2533 Boetius
733 2472 836 2532 reisere
846 2473 1051 2550 ietterpelutam
1061 2477 1157 2535 locum
1174 2477 1317 2555 iudicans,

229 2584 355 2645 ermdem
386 2584 492 2642 misere
523 2581 686 2640 detruncat.
738 2578 813 2637 Mihi
844 2596 898 2638 nec
923 2580 1065 2640 ridiculus
1091 2599 1146 2642 nec
1164 2588 1316 2661 corruptus

228 2691 311 2749 locus
328 2689 454 2765 videtur,
475 2686 545 2745 dum
566 2704 603 2745 ne
624 2685 729 2761 ridere,
750 2685 799 2742 vel
820 2689 933 2744 mutare
955 2687 1051 2765 malis,
1073 2689 1315 2766 quaminterpre-

228 2796 296 2855 tari.
317 2793 451 2851 Prtmum
469 2808 528 2849 non
546 2790 643 2849 inboc
661 2791 727 2866 ipso
748 2794 894 2851 conventu
915 2791 1034 2866 quidem
1056 2791 1130 2851 illud
1151 2796 1318 2870 postulasse

228 2898 389 2958 Catilinam
419 2898 468 2956 vel
493 2896 562 2956 inde
590 2893 731 2955 conficere
760 2896 839 2972 licet,
871 2895 948 2970 qued
966 2897 992 2954 si
1007 2915 1085 2955 nuno
1102 2903 1254 2955 senatores
1273 2900 1316 2973 ip-

229 3021 295 3062 sum
319 3003 375 3061 hoc
391 3001 538 3061 dicentem
559 3000 753 3077 audivissent,
775 3015 1025 3074 supervacaneum
1050 3000 1157 3056 oratori
1178 3004 1258 3060 esset
1279 3018 1316 3060 ea

228 3114 370 3185 repetere.
412 3107 473 3165 Vix
495 3109 594 3165 autem
612 3103 759 3177 librarius,
791 3103 870 3160 siin
888 3102 988 3161 codiee
1016 3103 1068 3160 illa
1096 3103 1244 3182 abessent,
1266 3107 1317 3165 vel

228 3211 311 3269 aliud
338 3208 410 3284 quid
440 3209 595 3281 legeretur,
627 3206 658 3261 in
689 3203 820 3261 animum
844 3202 1019 3281 induxisset,
1041 3210 1108 3281 post
1131 3205 1226 3284 inquis
1241 3209 1316 3267 illud

228 3314 319 3372 etiam
340 3311 457 3386 addere,
479 3310 557 3385 qued
577 3309 674 3375 miuus
692 3307 845 3383 probabile
866 3312 967 3384 posset
985 3308 1090 3369 videri.
1132 3310 1192 3371 Sed
1212 3312 1316 3374 Cicero

227 3414 305 3496 qued
333 3433 400 3475 eum
427 3413 578 3489 postulare
608 3411 728 3470 aliunde
749 3411 862 3471 sciebat
891 3410 1028 3489 (sortasse
1053 3431 1112 3490 que
1131 3418 1263 3492 tempore
1284 3419 1315 3478 in

228 3520 391 3581 custodiam
402 3535 433 3578 se
445 3516 516 3575 dare
526 3516 604 3575 velle
626 3514 793 3590 simulabat,
814 3512 890 3572 haee
912 3514 1002 3572 etiam
1023 3514 1173 3594 adiunxit)
1185 3517 1216 3577 id
1236 3537 1314 3578 nune

227 3645 324 3688 eoram
346 3629 452 3685 senatu
468 3625 601 3699 repetere
622 3620 748 3697 videtur,
770 3624 804 3678 ut
824 3617 893 3677 inde
905 3618 943 3677 ad
955 3635 991 3677 ea
1008 3620 1222 3700 progrediatur,
1234 3642 1309 3701 quae

226 3731 258 3787 in
286 3730 383 3787 anime
411 3725 502 3786 habet
523 3725 630 3784 dicere.
672 3723 787 3782 Deinde
810 3738 867 3797 que
886 3721 1008 3781 consilio
1026 3722 1101 3782 illud
1117 3727 1310 3800 postulabat?

225 3835 294 3891 Non
314 3833 392 3890 enirn
410 3831 435 3888 is
457 3833 521 3889 erat
541 3829 681 3904 Catilina,
702 3828 754 3902 qui
771 3844 841 3885 vere
859 3843 941 3884 reum
963 3843 995 3885 se
1016 3827 1081 3903 ipse
1092 3828 1203 3890 faceret
1214 3847 1311 3891 suam-

224 3955 282 4014 que
306 3952 427 3995 causam
457 3933 588 3993 modeste
613 3932 798 3992 senatoribus
823 3932 1057 4005 cognoscendam
1085 3936 1251 4014 praeberet,
1279 3937 1311 3995 in

224 4059 346 4119 quorum
362 4037 509 4099 sententia
526 4037 736 4113 acquiesceret.
776 4034 890 4093 Eodem
907 4036 1039 4114 consilio,
1069 4038 1179 4116 opinor,
1201 4057 1259 4116 quo
1279 4042 1311 4098 in

223 4146 386 4205 custodiam
414 4159 447 4201 se
467 4141 544 4200 velle
566 4138 637 4198 dare
658 4138 783 4214 dixerat,
805 4137 942 4196 nimirum
964 4137 1137 4218 utConsuli,
1160 4157 1248 4215 quem
1265 4141 1308 4200 in·

219 4250 352 4310 terficere
372 4248 461 4306 toties
481 4244 591 4304 frustra
605 4247 760 4321 tentasset,
780 4242 837 4302 hac
854 4243 968 4303 ratione
990 4243 1115 4305 insidias
1131 4249 1258 4307 strueret
1278 4240 1310 4305 et

220 4353 442 4430 quibuscunque
457 4352 558 4426 posset
578 4347 673 4408 modis
692 4347 755 4408 eius
777 4346 901 4408 consilia
925 4345 1089 4422 impediret.
1131 4348 1306 4411 Postulabat
