3086 5192
757 473 795 529 36

234 650 288 709 pro
308 631 340 690 Ο.
373 629 474 689 Rabir.
508 629 559 688 15:
582 646 686 707 „quem
708 646 765 689 non
787 627 872 687 modo
892 626 963 703 foro,
981 623 1034 683 sed
1056 624 1145 681 etiarn
1167 621 1243 680 coelo
1262 622 1315 680 hoc

234 750 268 791 oe
300 732 404 809 spirito
433 732 584 792 censoriae
612 734 703 808 loges,
731 735 820 807 atquo
841 729 924 789 urbis
954 726 1102 787 domicilio
1133 743 1232 786 carere
1262 742 1313 786 vo

229 837 376 898 luerunt.''

276 1044 313 1103 Te
345 1044 453 1103 stetisse
474 1044 506 1102 ia
527 1044 639 1103 emollio
656 1061 720 1103 eam
741 1043 804 1102 telo,
848 1043 948 1118 „Quid
965 1044 1122 1102 interesset
1140 1043 1217 1101 inter
1234 1022 1314 1101 stare

233 1166 299 1208 oum
312 1149 380 1227 telo,
402 1155 445 1210 et:
468 1166 533 1208 esse
548 1166 613 1208 eum
631 1150 699 1227 telo,
720 1149 809 1208 latuit
828 1148 1004 1208 rhetorem.’'
1026 1148 1063 1206 R.
1086 1180 1126 1189 -
1146 1147 1313 1206 Discrimen

232 1250 304 1325 fingi
321 1252 419 1326 potius
430 1269 449 1309 a
461 1269 589 1329 censore,
611 1269 779 1326 quamvere
791 1256 907 1311 exstare
928 1250 1028 1329 ored03
1051 1251 1313 1326 quodBootionon

230 1356 417 1432 displicuisse
439 1373 474 1415 eo
490 1358 585 1430 magis
605 1356 702 1430 miror,
728 1358 800 1432 quia
823 1340 902 1418 reete
924 1357 1054 1439 ostendit
1074 1357 1224 1431 iungenda
1245 1372 1311 1416 esse

232 1459 342 1518 stetisse
359 1460 392 1518 ia
408 1460 528 1539 comitio,
547 1465 577 1521 et
588 1479 651 1520 eom
662 1460 718 1520 telo
727 1461 835 1522 referre
845 1480 983 1537 graecum
1006 1466 1076 1522 ὄντα
1098 1467 1155 1521 odo
1174 1469 1312 1539 μαχαίρᾳ.

233 1563 304 1624 Gom
331 1566 386 1624 telo
418 1585 477 1625 esse
494 1566 586 1641 igitur
606 1568 684 1626 idem
701 1572 785 1627 notat
805 1573 895 1644 atque
916 1574 1060 1627 ornantem
1077 1585 1144 1645 osso,
1164 1585 1220 1626 neo
1240 1566 1312 1626 Rin-

230 1669 314 1729 kesio
342 1671 489 1730 assentior
518 1688 634 1747 semper
650 1670 728 1729 hano
759 1669 1004 1745 significationem
1027 1670 1151 1729 habere:
1182 1670 1313 1744 „versari

231 1792 298 1833 eum
325 1775 385 1833 telo
405 1773 455 1833 hio
471 1774 533 1833 illio
554 1779 587 1833 ut
608 1775 749 1834 insidiose
763 1776 892 1850 aliquem
912 1774 1101 1853 interficias‚''
1122 1792 1160 1834 ne
1177 1775 1229 1833 illo
1249 1773 1313 1849 qui-

232 1874 300 1934 dem
331 1875 403 1953 loeo,
436 1892 523 1950 quem
555 1892 580 1935 e.
608 1894 652 1951 gr.
674 1877 786 1936 confert
813 1876 972 1936 eSallust.
994 1896 1019 1937 e.
1041 1880 1093 1936 27:
1138 1878 1224 1953 „Ipse
1245 1893 1312 1935 oum

231 1977 291 2036 telo
310 1994 384 2053 esse,
405 1978 477 2037 item
498 1978 573 2036 ahos
593 1979 703 2057 iubere,
723 1978 843 2058 hortari,
854 1985 888 2039 ut
905 1997 1020 2057 semper
1041 1978 1147 2037 intenti
1157 1978 1313 2055 paratique

232 2082 361 2142 sssent.''
402 2083 485 2142 Haeo
507 2084 585 2142 enim
602 2084 647 2143 ita
666 2083 851 2161 interpretor:
868 2085 933 2161 ipse
954 2101 1070 2161 semper
1087 2085 1218 2141 armatus
1239 2085 1311 2159 erat,

232 2191 262 2246 et
294 2191 406 2246 eeteros
437 2189 529 2247 telum
560 2204 659 2247 seeum
682 2187 792 2248 habere
816 2189 913 2266 iussit3
940 2187 1113 2248 hortabatur
1140 2204 1199 2264 eon,
1220 2191 1254 2247 ut
1274 2184 1313 2243 ad

232 2291 331 2348 omnia
347 2292 454 2350 Intenti
472 2295 502 2351 et
518 2291 616 2368 parati
637 2293 749 2350 essent:
771 2289 908 2348 nimirum
929 2290 968 2347 ad
998 2290 1059 2348 vim
1086 2293 1147 2348 tam
1167 2288 1310 2364 repellen-

232 2393 310 2473 dam,
341 2368 430 2470 quam
461 2394 651 2454 inferendam.
693 2395 762 2453 Non
782 2394 887 2454 inutile
905 2395 1030 2455 arbitror
1049 2392 1199 2454 Oioeronis
1216 2392 1312 2451 losum

233 2495 400 2557 adscribere
427 2515 480 2575 pro
506 2498 570 2556 Mil.
597 2500 680 2576 4‚11:
724 2498 808 2571 „Etsi
825 2498 1028 2575 persapienter
1049 2501 1079 2556 st
1101 2495 1313 2573 quodammodo

232 2602 323 2663 tacite
355 2602 406 2660 dat
428 2601 493 2677 ipsa
519 2602 570 2659 lex
586 2603 764 2677 potestatem
781 2599 966 2678 defendendi,
988 2617 1064 2676 quae
1081 2618 1141 2658 non
1157 2598 1244 2658 modo
1260 2598 1311 2658 ho-

231 2707 341 2766 minem
378 2705 481 2782 occidi,
523 2703 577 2764 sed
604 2721 670 2764 esse
698 2720 764 2763 oum
794 2705 855 2764 telo
881 2704 1008 2764 hominis
1039 2703 1192 2764 oooidendi
1224 2720 1314 2763 eausa

231 2814 323 2886 vetat,
343 2812 377 2869 ut
398 2826 463 2868 oum
484 2824 581 2887 roasa,
602 2825 661 2866 nou
683 2807 770 2866 telum
791 2813 989 2886 quaereretur,
1001 2809 1051 2884 qui
1073 2808 1119 2867 sui
1137 2805 1314 2867 defendendi

231 2930 323 2973 eausa
352 2913 414 2972 telo
445 2916 525 2971 esset
555 2928 636 2990 usus,
666 2928 725 2970 non
745 2910 873 2971 hominis
890 2910 1042 2970 ooeidendi
1063 2928 1154 2969 eausa
1173 2910 1314 2966 habuisse

231 3017 324 3077 telum
344 3015 553 3076 iudicaretur.’'
581 3014 617 3075 of.
645 3014 677 3073 in
694 3015 777 3074 Verr.
800 3016 836 3090 V,
865 3016 892 3090 3,
916 3019 943 3072 7.
974 3014 1038 3070 Iam
1060 3016 1137 3070 store
1164 3028 1228 3069 eom
1249 3010 1314 3087 telo,

232 3122 304 3197 quid
336 3122 418 3181 aliud
443 3124 535 3197 notat,
557 3137 646 3194 qnam
666 3119 758 3176 telum
775 3116 941 3192 habentem,
963 3119 1108 3173 armatum
1129 3114 1229 3190 aliquo
1250 3116 1314 3175 loeo

231 3227 319 3300 stare,
351 3223 415 3281 sive
442 3223 547 3297 sponte
572 3218 603 3277 id
626 3219 729 3296 fanias,
759 3216 823 3276 sive
844 3217 966 3276 alterins
988 3217 1080 3296 iussu3
1097 3235 1167 3276 nam
1183 3218 1240 3278 hoe
1254 3219 1313 3293 sig-

230 3323 332 3383 nifieat
353 3324 389 3382 R.
418 3322 527 3380 disens:
557 3320 682 3394 „dieitur
701 3320 739 3379 ds
766 3320 814 3401 iis,
839 3321 891 3395 qui
918 3320 1024 3396 quavis
1045 3320 1082 3381 de
1104 3339 1194 3381 eausa
1215 3323 1315 3398 aliquo

232 3429 296 3487 loeo
317 3430 388 3486 sunt
408 3423 571 3484 oollooati.”
599 3425 680 3499 Ergo
694 3430 804 3501 parato
823 3440 935 3502 amoos,
956 3441 1046 3499 quam
1066 3423 1197 3484 Catilina
1215 3442 1314 3486 seeum

231 3529 370 3608 habebat,
402 3526 541 3587 collocuta
565 3531 637 3605 erut,
668 3527 732 3604 ipse
747 3530 846 3586 autem
867 3526 900 3584 ia
924 3526 1035 3585 emoitio
1052 3544 1117 3586 eom
1137 3528 1193 3586 telo
1211 3528 1313 3587 stabat.

231 3632 311 3707 Quid
338 3630 481 3711 praesidii
508 3648 578 3690 vero
605 3629 644 3689 ad
675 3629 832 3690 discrimen
863 3629 1045 3707 probandum
1073 3631 1131 3689 sibi
1151 3632 1315 3708 speraverit

233 3738 270 3796 R.
298 3754 315 3796 e
340 3737 405 3795 loeo
432 3735 582 3794 (iioeronis
610 3751 698 3809 quem
729 3735 811 3811 citat,
831 3733 910 3793 Phil.
932 3734 972 3812 ΙΙ,
993 3735 1022 3811 4,
1044 3735 1071 3811 8,
1097 3751 1156 3793 non
1170 3733 1313 3811 intelligo,

233 3838 285 3911 qui
316 3838 343 3895 si
380 3837 489 3895 omissa
514 3837 552 3895 ab
580 3853 615 3895 eo
643 3837 733 3895 verba
765 3836 881 3914 addam,
912 3837 1089 3896 eontrarium
1117 3839 1216 3915 potius
1246 3855 1315 3914 pro·

234 3940 305 3999 bare
325 3937 482 4015 videbitur,
503 3937 581 3997 unde
599 3954 657 4013 quo
678 3939 801 3997 oonsilio
822 3940 867 3997 illi
887 3938 1020 4000 homines
1042 3958 1108 3999 oum
1122 3941 1232 4015 gladiis
1254 3946 1313 4001 sta·

233 4047 307 4122 rent,
334 4040 503 4121 apparebit3
534 4040 603 4115 „qui
620 4056 710 4114 quum
724 4040 780 4100 hoo
801 4042 865 4118 ipso
882 4045 1013 4120 tempore
1031 4049 1104 4101 stent
1126 4062 1189 4103 eom
1206 4043 1315 4120 plodite

236 4149 268 4206 in
287 4150 446 4224 conspeetu
465 4149 595 4223 senatus,
622 4162 676 4218 ego
687 4162 803 4221 quoque
817 4150 847 4205 te
865 4145 1007 4206 disertum
1027 4148 1147 4225 putabo
1169 4149 1194 4207 si
1216 4151 1312 4208 osten-

212 4246 216 4252 *
233 4253 321 4329 deris,
342 4248 486 4326 quomodo
496 4250 538 4310 sis
556 4267 607 4310 eos
620 4247 697 4307 inter
717 4249 837 4309 sicarios
854 4250 1056 4311 defeusmus.''
1069 4250 1148 4325 Quid
1159 4254 1250 4327 igitur
1259 4253 1315 4313 hoo

232 4355 329 4421 differt
346 4353 385 4413 ab
395 4353 636 4429 interpretatione
657 4353 812 4413 verborum
823 4371 887 4413 urm
897 4352 952 4412 telo
963 4371 1030 4431 osse,
1052 4370 1140 4429 quarn
1152 4355 1234 4417 dedit
1247 4356 1312 4418 R.?

1519 3858 1522 4003 l

1506 4908 1518 5135 l
