3086 5192
746 453 781 509 71

225 613 321 661 rernm
348 608 446 686 refert,
472 626 562 686 quum
589 615 688 670 tamen
720 610 811 671 verbu
832 609 946 686 inopiae
967 627 1065 669 rernm
1085 612 1210 668 omninno
1231 610 1307 670 adeo

224 711 379 772 coniuncta
407 714 475 789 sint,
505 719 538 775 ut
558 732 648 774 unam
669 715 818 776 notionem
836 715 972 793 efficiant,
993 732 1048 774 nec
1064 715 1126 774 ullo
1142 713 1228 774 modo
1246 713 1306 774 dis-

224 814 303 873 trahi
319 817 443 892 possint.
484 819 521 878 In
542 837 669 880 errorem
687 825 786 880 autem
804 819 942 881 inductus
960 837 1026 880 csse
1044 819 1117 881 mihi
1137 819 1255 881 videtur
1271 820 1307 878 il·

224 918 271 996 lis,
292 937 369 996 quae
389 923 528 998 leguntur
553 924 573 1001 5
595 927 647 984 14:
670 924 897 998 „Praetermitto
914 923 1016 983 ruinas
1040 924 1221 984 fortunarum
1241 928 1306 983 tua-

224 1040 299 1102 rum,
325 1043 400 1102 quas
422 1045 522 1089 omnes
542 1029 712 1106 impendere
733 1029 788 1090 tibi
809 1029 951 1106 proximis
968 1028 1071 1089 Idibus
1089 1028 1232 1106 senties'';
1254 1028 1308 1089 sed

225 1126 294 1186 illas
322 1130 453 1208 sentiret,
484 1132 510 1189 si
528 1131 559 1190 in
575 1132 647 1192 urbe
665 1136 806 1210 maneret,
827 1136 858 1192 et
874 1132 952 1191 inter
969 1148 1083 1209 causas,
1104 1147 1178 1208 quas
1195 1131 1309 1205 colligit

227 1236 332 1311 orator,
353 1239 386 1295 ut
404 1253 442 1294 ex
458 1235 530 1295 urbe
544 1235 696 1297 discedere
714 1236 742 1296 ei
761 1236 895 1313 suadeat,
917 1240 947 1296 et
967 1234 1043 1294 hanc
1061 1252 1129 1294 eum
1148 1252 1309 1295 memorare

225 1334 371 1395 videmus.
412 1334 564 1409 Quomodo
581 1343 680 1398 autem
701 1339 874 1416 explicetur,
893 1354 961 1398 eum
981 1338 1135 1397 incastris
1155 1354 1311 1397 sensurum

226 1457 293 1502 esse
316 1438 392 1499 breui
410 1446 533 1518 tompore
547 1460 579 1502 sc
590 1447 683 1503 totam
693 1460 755 1502 rem
766 1442 942 1502 familiarem
952 1440 1127 1520 perdidisse,
1147 1457 1206 1500 non
1223 1442 1310 1501 intel·

226 1545 297 1619 ligo.
339 1546 501 1606 Verissime
514 1548 606 1622 igitur
622 1549 774 1608 Manutius
795 1547 898 1626 quibos
913 1545 1004 1607 refert
1014 1547 1053 1605 ad
1067 1546 1183 1624 sontem,
1204 1546 1312 1626 soipoo,

227 1647 365 1727 inopium,
396 1668 451 1710 nec
467 1650 610 1725 languent
630 1651 749 1728 quidem
766 1669 805 1712 ex
822 1651 886 1710 eius
907 1651 1149 1729 interpretatione
1162 1655 1312 1728 postrema

227 1752 328 1831 verba,
359 1753 413 1813 sed
442 1755 535 1813 maior
555 1756 645 1816 etiam
663 1757 694 1815 in
714 1756 752 1816 iis
773 1757 870 1816 inesse
899 1754 1041 1814 oonbtos
1064 1755 1190 1816 videtur.
1233 1757 1312 1816 Nam

228 1858 411 1932 praeclaram
421 1857 504 1917 illam
514 1860 699 1937 patientiam,
719 1876 808 1935 quam
819 1859 866 1918 sui
877 1859 909 1918 in
927 1877 962 1919 ec
978 1857 1150 1936 praedicare
1168 1859 1312 1939 solebant,

228 1962 313 2023 cuius
334 1963 424 2021 etiam
446 1981 512 2023 cum
523 1963 657 2024 irrisione
671 1963 774 2023 Cicero
784 1964 917 2024 meminit
931 1961 981 2023 Or.
995 1963 1061 2023 Oat.
1072 1965 1112 2041 II,
1134 1963 1162 2043 5,
1184 1965 1216 2023 9:
1240 1964 1311 2037 „At

230 2082 287 2141 que
298 2064 377 2125 idem
394 2070 560 2143 stuprorum
575 2070 606 2125 et
616 2066 759 2126 scelerum
771 2067 981 2126 exercitatione
992 2050 1185 2145 assuefactus,
1206 2066 1315 2141 frigore

230 2172 261 2229 et
278 2168 355 2227 fame
377 2173 408 2229 ct
425 2168 476 2228 siti
493 2187 528 2228 ae
548 2169 661 2243 vigiliis
674 2169 857 2246 perferendis
874 2169 958 2229 fortis
979 2168 1017 2227 ab
1038 2169 1104 2229 istis
1122 2170 1312 2247 praedicaba-

231 2278 287 2351 tur,
308 2290 399 2349 quum
413 2271 576 2332 industriae
598 2273 740 2351 subsidia,
761 2278 851 2350 atque
872 2274 1068 2333 instrumenta
1088 2274 1207 2334 virtutis
1224 2275 1257 2334 in
1278 2276 1313 2334 li-

233 2377 333 2436 bidine
350 2376 533 2451 audaciaque
546 2376 757 2454 consumeret'',
778 2394 882 2453 parurn
899 2377 928 2436 ei
945 2375 1127 2454 profuturam
1145 2394 1211 2437 esse
1223 2394 1313 2452 quum

230 2587 348 2646 litatum
380 2603 484 2663 corpus
516 2584 666 2644 laboribus
687 2590 777 2659 atquc
805 2584 905 2661 inopia
936 2602 1032 2643 rerum
1060 2584 1188 2643 omnium
1217 2585 1316 2645 confe-

232 2695 311 2749 ctum
332 2690 369 2748 iri
386 2695 556 2763 auguratur.
574 2688 672 2748 Simili
691 2687 805 2748 ratione
826 2686 916 2747 etiam
933 2687 1022 2746 sociis
1041 2686 1198 2765 Catilinae,
1220 2688 1314 2764 quiin

233 2798 331 2854 castra
352 2796 436 2852 erant
446 2791 612 2869 protecturi,
630 2790 752 2852 irridere
769 2808 836 2851 eum
854 2791 989 2849 videmus
1007 2790 1078 2850 ibid.
1100 2792 1121 2869 ξ
1141 2795 1193 2850 23:
1218 2790 1315 2867 „Quid

234 2897 292 2958 sibi
323 2897 374 2958 isti
398 2896 498 2955 miseri
526 2896 651 2956 volunt?
673 2897 752 2955 Num
773 2912 843 2955 suas
864 2912 964 2956 secum
984 2896 1172 2954 mulierculas
1193 2902 1262 2957 sunt
1283 2898 1314 2956 in

233 3006 332 3063 castm
352 2999 491 3061 ducturi?
512 3031 552 3041 -
572 3016 631 3075 quo
644 3001 744 3059 autem
758 3003 845 3076 pacto
866 2998 911 3056 illi
928 2997 1117 3075 Apenninum
1139 3003 1228 3074 atquc
1245 3000 1314 3058 illas

233 3103 355 3182 pruinas
383 3102 520 3162 accires
537 3101 708 3179 pertenent?
730 3101 788 3160 nisi
806 3099 914 3160 idcirco
935 3117 968 3160 sc
988 3099 1105 3160 facilius
1126 3099 1254 3161 hiemem
1271 3108 1317 3162 to-

234 3208 378 3270 leraturos
396 3209 511 3283 putant,
533 3204 612 3280 quod
628 3204 701 3265 nudi
717 3205 749 3263 in
770 3203 914 3263 conviviis
934 3204 1044 3264 saltare
1065 3202 1277 3273 didicerunt?”‚

276 3417 297 3494 ξ
319 3418 368 3475 27.
391 3430 477 3491 quoto
498 3418 524 3471 tc
544 3429 563 3470 u
587 3411 737 3472 cmuciatu
754 3413 877 3491 reppuli.
901 3412 974 3487 ,Est
989 3414 1100 3492 populi,
1121 3430 1179 3473 nou
1200 3413 1315 3476 Cicero·

234 3523 291 3601 nis,
311 3519 391 3580 unde
412 3518 502 3579 etiam
520 3518 556 3595 is,
577 3518 628 3594 qui
648 3535 668 3576 a
687 3519 796 3596 populo
812 3536 871 3577 non
888 3521 1013 3594 creatur,
1041 3517 1149 3577 dicitur
1169 3518 1316 3594 omninum

234 3624 343 3702 sorre.''
373 3624 410 3683 R.
442 3655 482 3667 -
502 3621 599 3680 Huius
628 3620 794 3694 argumenti
821 3619 882 3677 vim
909 3635 969 3676 non
996 3618 1090 3694 capio.
1111 3616 1191 3690 Quid
1212 3620 1314 3680 euim?

237 3729 337 3803 Quum
355 3726 472 3787 Xerxes
492 3723 661 3784 Pausaniae
689 3720 845 3781 Graeciam
866 3720 922 3779 sub
942 3720 1006 3779 cius
1026 3724 1203 3797 potestatem
1220 3740 1253 3783 se
1270 3742 1316 3785 re-

236 3830 391 3891 daetunum
418 3845 483 3889 csse
504 3825 665 3905 pollicenti,
687 3824 713 3883 si
733 3822 825 3885 filiam
846 3823 903 3884 sibi
920 3828 1044 3901 nuptum
1062 3824 1155 3903 daret,
1175 3827 1316 3890 rescribe-

234 3939 294 3997 ret:
329 3932 373 4007 „si
392 3930 556 4009 perfecerit,
587 3928 698 3988 nullius
725 3928 769 3987 rei
793 3944 861 3987 ase
882 3927 1030 4005 repulsam
1047 3928 1204 3989 latmumr’
1226 3930 1315 4010 (Nep.

235 4055 265 4097 v.
286 4037 377 4097 Paus.
396 4037 424 4111 2,
445 4032 487 4111 5.)
506 4039 569 4093 tum
589 4030 756 4110 spopondit,
777 4049 796 4091 o
813 4029 921 4109 populo
942 4048 1006 4089 eom
1026 4037 1153 4090 croatam
1173 4032 1235 4092 iri?
1257 4033 1316 4094 Sed

235 4141 294 4221 ipsi
322 4136 467 4199 Rinkesic
493 4139 594 4195 notum
622 4151 689 4195 esse
707 4134 840 4212 arbitror,
860 4152 920 4193 non
938 4135 969 4193 in
990 4133 1052 4194 foro
1069 4139 1193 4212 tantum,
1214 4135 1316 4196 sedin

236 4247 299 4307 vita
317 4240 463 4306 communi
490 4239 567 4300 hane
587 4240 763 4299 locutionem
778 4238 821 4298 ita
841 4238 982 4298 usitatam
999 4237 1091 4298 fuisse
1112 4239 1263 4317 Romanis,
1284 4246 1318 4301 ut

236 4349 266 4409 h.
298 4350 319 4408 1.
351 4348 430 4410 omui
447 4347 477 4404 vi
495 4342 758 4418 argumentationis
779 4357 899 4418 prorsus
916 4345 1024 4401 careat.
1065 4342 1192 4417 Reliqua
1213 4343 1318 4404 verba:
