3086 5192
760 460 800 517 56

244 613 378 690 pablleoe
395 614 536 691 putealis
553 616 709 678 coniuncta
730 618 798 678 sit.’'
841 617 963 677 Leniter
983 614 1022 675 ad
1042 616 1117 678 istas
1139 618 1330 692 argutiasre-

244 719 369 795 spondet
389 721 433 798 B,
465 724 495 781 et
523 721 645 782 comiter
665 722 694 781 ei
726 722 805 781 viam
827 726 979 798 monstrat,
1001 722 1051 798 qui
1072 725 1125 781 aut
1146 727 1251 799 sponte
1272 739 1327 782 sua

241 840 309 881 sam
337 823 468 886 deseruit
498 826 632 902 aliosque
660 825 862 902 imprudentes
890 826 929 884 ab
956 842 993 885 ea
1025 825 1164 885 seducere
1196 830 1327 902 conatur,

243 931 295 986 aut
318 928 361 987 ita
390 946 494 989 ooeeus
523 933 577 1008 est,
597 934 631 989 ut
648 948 686 989 ne
703 934 896 990 monstratam
913 928 1033 1006 quidem
1050 928 1130 988 viam
1150 930 1245 1005 possit
1261 945 1327 1006 per-

242 1032 337 1107 sequi.
376 1033 488 1093 Videre
515 1035 593 1093 enim
621 1039 672 1093 aut
700 1034 804 1093 debuit
835 1039 887 1094 aut
914 1034 1019 1111 potuit,
1047 1051 1106 1092 non
1137 1051 1215 1092 rtooo
1236 1032 1326 1092 sabito

242 1136 351 1194 oratori
368 1135 511 1195 invidiam
529 1136 688 1214 pullulare,
709 1154 797 1212 quarn
825 1135 857 1195 la
874 1135 1071 1213 posteritatem
1088 1136 1146 1195 sibi
1164 1135 1328 1213 impendere

242 1239 333 1299 dieat.
372 1241 452 1298 Tum
478 1247 512 1300 ut
533 1242 617 1317 soiat,
638 1243 828 1318 quamobrem
848 1241 979 1302 invidiae
997 1241 1176 1301 mentionem
1192 1241 1222 1299 h.
1240 1242 1261 1300 l.
1282 1239 1324 1299 la·

243 1343 302 1403 eiat
329 1350 435 1424 orator,
456 1346 622 1406 meminerit
638 1345 677 1424 lsi
694 1346 769 1406 forte
786 1345 860 1406 haee
878 1343 972 1422 leget)
991 1347 1059 1422 plus
1077 1345 1170 1405 semel
1190 1344 1221 1403 in
1239 1361 1323 1422 supe-

240 1447 366 1507 rioribus
386 1467 440 1508 nos
464 1467 635 1528 memorare,
667 1451 821 1527 quibusvis
852 1449 947 1509 modis
969 1454 1100 1509 tentasse
1115 1449 1274 1509 Catilinam
1293 1448 1325 1507 in

240 1548 398 1609 Consulem
419 1551 562 1611 invidiam
583 1553 738 1630 concitare,
765 1557 854 1628 atque
872 1552 941 1611 ideo
957 1552 1080 1628 quidem
1097 1553 1274 1630 postulasse,
1292 1554 1327 1612 ut

242 1654 279 1714 de
297 1656 402 1715 exsilio
423 1656 462 1715 ad
480 1662 615 1717 senatum
632 1657 766 1717 referret:
789 1657 867 1734 quod
883 1656 1087 1733 praesentiens
1105 1657 1157 1716 ille
1175 1674 1265 1733 quarn
1281 1673 1327 1715 ar·

241 1756 365 1817 tifieiose
394 1777 413 1817 a
441 1776 473 1817 se
501 1760 611 1819 iustam
638 1759 779 1819 averterit
799 1743 1018 1819 aeeusationem
1032 1758 1222 1818 ostendimus.
1264 1759 1328 1818 Iam

242 1877 313 1918 vero
334 1861 419 1936 quasi
440 1862 632 1937 praesagiens
648 1862 687 1939 id,
706 1861 786 1938 quod
800 1861 1046 1920 etiamaeeidisse
1067 1865 1171 1939 postea
1192 1861 1327 1938 legimus,

200 2020 203 2025 ,
242 1960 292 2019 vel
324 1961 368 2020 sie
396 1966 504 2040 tamen,
526 1963 553 2021 si
574 1981 612 2023 ex
633 1963 705 2024 urbe
722 1963 870 2040 profectus
886 1969 965 2024 esset
985 1963 1125 2042 Catilina,
1145 1963 1216 2042 lore,
1238 1964 1288 2039 qui
1309 1978 1328 2021 a

244 2063 372 2124 Consule
400 2067 527 2126 eiectum
548 2066 680 2128 dicerent
705 2067 754 2146 (of.
777 2065 826 2128 Or.
847 2067 912 2127 Cat.
934 2069 974 2145 II,
996 2070 1024 2145 6,
1048 2065 1108 2145 12),
1128 2072 1239 2144 quanta
1260 2064 1328 2144 sibi,

242 2168 269 2227 si
290 2186 348 2227 non
360 2169 391 2227 in
402 2175 500 2230 eastra
521 2170 581 2249 ille,
602 2189 705 2230 versun
726 2174 759 2229 ut
777 2171 805 2229 ei
824 2170 938 2247 suadet,
955 2169 986 2227 in
997 2170 1134 2229 exsilium
1146 2169 1242 2247 iverit,
1253 2174 1326 2230 tem·

243 2277 344 2349 pastas
366 2274 495 2334 invidiae
517 2274 686 2352 impendeat
704 2275 859 2349 intelligit:
880 2292 971 2351 quam
989 2278 1098 2352 tamen,
1119 2274 1206 2332 modo
1225 2279 1275 2334 eat
1295 2275 1328 2334 iu

244 2377 391 2454 exsilium,
411 2378 547 2438 lubenter
564 2379 754 2456 reipublicae
765 2397 856 2438 eausa
872 2396 905 2437 se
926 2381 1055 2438 laturum
1072 2395 1137 2438 esse
1159 2377 1240 2438 dieit.
1269 2376 1329 2438 Sed

242 2496 261 2537 a
285 2480 340 2539 tali
364 2480 483 2554 ingenio
514 2481 701 2558 moribusque
733 2481 785 2540 vix
806 2480 1038 2558 exspectandum
1059 2498 1134 2558 esse,
1154 2484 1188 2540 ut
1208 2479 1328 2558 pudore,

241 2583 291 2643 vel
308 2587 389 2642 metu
406 2584 514 2660 aliquo,
536 2585 694 2643 autetiam
710 2584 754 2643 rei
774 2583 911 2659 publieae
929 2598 1020 2641 eausa
1038 2600 1057 2640 a
1078 2582 1244 2659 pernicioso
1260 2598 1327 2642 eon·

244 2685 312 2744 silio
333 2686 468 2745 desistat:
489 2688 678 2763 quamobrem
695 2705 733 2745 ne
755 2685 916 2762 quidquam
934 2684 1068 2744 omisisse
1085 2684 1230 2764 videatur,
1251 2682 1329 2762 quod

241 2789 344 2848 valeat
354 2789 393 2847 ad
415 2807 482 2849 eum
503 2790 742 2869 permovendum,
764 2808 872 2849 novum
893 2794 1098 2865 argumentum
1116 2791 1266 2864 excogitat
1286 2789 1327 2849 ei·

243 2911 301 2970 que
332 2895 477 2974 proponit,
499 2901 641 2972 quantam
661 2896 807 2956 iuvidiam
827 2895 958 2974 Contuli,
979 2895 1098 2954 inimieo
1119 2911 1180 2970 suo,
1201 2894 1330 2954 conflare

242 2998 346 3077 possit,
367 2999 393 3058 si
416 2999 448 3056 in
470 3000 609 3058 exsilium
630 3005 692 3060 eat:
714 3003 894 3076 quantopere
912 3001 1022 3072 eontra,
1044 2996 1070 3053 si
1091 2995 1122 3052 in
1143 2997 1241 3052 eastra
1261 3010 1328 3071 pro·

241 3098 399 3178 fioiseatur,
420 3101 485 3160 eius
502 3101 585 3159 laudi
604 3105 634 3160 et
650 3100 762 3174 gloriae
780 3099 820 3157 sit
840 3099 1012 3157 serviturus.
1055 3094 1242 3170 Quamquam
1253 3094 1329 3156 lrus·

242 3205 290 3259 tra
311 3218 343 3260 ss
361 3201 435 3263 haee
450 3203 547 3260 omnia
558 3202 639 3277 loqui
660 3199 797 3277 ostendit,
818 3200 936 3276 iamque
954 3198 1052 3258 omnia
1070 3198 1108 3257 ad
1118 3197 1329 3275 profectionem

241 3308 348 3381 parata
368 3320 443 3380 esse,
472 3303 492 3381 ἓ
522 3306 575 3362 24:
607 3321 642 3362 ae
669 3301 785 3380 dehine,
816 3303 899 3361 nulla
916 3302 1043 3378 amplius
1061 3301 1159 3361 exsilii
1181 3303 1330 3363 mentione

241 3407 329 3486 faeta,
357 3412 391 3467 ut
418 3407 477 3465 iam
494 3408 526 3465 in
547 3412 645 3466 eastra
661 3407 733 3466 belli
747 3413 848 3469 eontra
865 3407 992 3484 patriam
1008 3406 1134 3483 parandi
1152 3424 1243 3466 eausa
1263 3423 1328 3483 pro-

243 3511 387 3573 fecturum
415 3511 584 3588 alloquitur.
632 3509 799 3569 Mirandmn
824 3514 925 3569 autem
954 3526 1013 3567 non
1046 3513 1100 3586 est,
1132 3509 1183 3583 qui
1205 3509 1328 3569 oratoris

247 3616 402 3676 eonsilium
429 3632 489 3674 nou
516 3613 732 3692 perspexerint,
760 3614 854 3672 multa
863 3613 901 3671 iis
922 3612 954 3670 in
970 3611 1027 3671 hae
1048 3612 1179 3671 oratione
1197 3612 1329 3672 diffieilia

244 3721 294 3778 vel
325 3719 415 3779 etiam
440 3719 565 3779 obstrue
588 3718 698 3778 videri:
720 3717 827 3794 quibus
849 3715 1013 3776 cavendum
1033 3721 1133 3775 tamen
1154 3719 1208 3794 est,
1229 3733 1266 3774 ne
1283 3715 1329 3774 ni-

244 3822 301 3878 mis
312 3821 370 3878 tito
391 3820 530 3897 iudicent,
550 3837 617 3897 neu,
639 3825 672 3879 ut
693 3819 854 3879 Sallustius
875 3819 926 3895 ait,
948 3835 1020 3895 qaae
1041 3817 1096 3876 slot
1117 3816 1234 3894 quisque
1254 3816 1329 3892 foel-

246 3921 288 3979 llo
310 3919 489 3999 (intellectu)
509 3925 602 3998 palat,
634 3937 722 3998 aequo
746 3919 842 3978 artato
870 3919 1030 3999 oeolptout:
1062 3936 1152 3996 sopra
1179 3918 1222 3997 eu,
1242 3918 1330 3979 aelati

243 4024 312 4102 fieta
329 4041 385 4101 pro
402 4022 491 4098 salsis
507 4021 623 4080 decoret.
665 4020 752 4094 Quod
772 4022 882 4097 ubique
899 4022 961 4081 fere
982 4022 1157 4082 Rinkesium
1174 4022 1272 4082 faeere
1284 4022 1329 4082 vi-

243 4125 355 4203 demus,
376 4126 427 4201 qui
445 4142 500 4184 sua
520 4124 594 4182 vitia
615 4124 723 4183 oratori
744 4124 902 4202 imputans,
924 4141 1000 4200 quae
1021 4143 1081 4184 non
1101 4124 1250 4203 intelligit,
1268 4111 1327 4185 sta·

241 4228 296 4286 tim
323 4227 488 4302 improbare
509 4226 585 4286 solet
605 4231 635 4286 et
656 4226 826 4287 iuveniliter
846 4227 943 4303 ipsum
964 4245 1054 4303 saepe
1074 4228 1166 4286 variis
1187 4226 1329 4287 eonvieiis

241 4331 393 4391 insectari:
414 4330 659 4405 quemadmodum
680 4335 774 4392 totum
797 4330 876 4390 hune
897 4331 993 4390 locum
1021 4330 1120 4392 denuo
1149 4349 1216 4393 eum
1245 4330 1328 4393 dam-
