3086 5192
734 474 772 529 17

218 644 253 688 ue
277 630 389 708 aliquid
419 630 516 689 moliri
545 637 645 689 castro
666 647 755 707 rcusp.
774 628 892 706 possis?
912 626 1155 704 quemadmodum
1182 627 1295 685 nostra·-

210 737 263 790 tes
283 732 400 792 dieunt:
421 751 491 809 pecu
511 732 559 790 rin
577 739 658 809 tepea
678 732 963 791 incanduerroeren.
985 728 1295 807 SedipsequoqueR.

217 832 301 893 dicit:
326 851 525 908 ,commovere
545 852 766 911 nospossumus
777 838 878 895 matra
889 852 965 912 eum,
976 834 1028 910 qui
1041 850 1096 892 nos
1107 835 1233 909 exercet,
1245 831 1297 907 qui

216 935 276 993 uim
307 938 393 996 nobis
423 936 530 996 inferre
559 937 717 1016 eonahn;”
748 938 846 997 minus
873 936 1057 997 considerate
1073 940 1173 996 tamen
1194 932 1297 993 addit:

218 1038 314 1114 ,quod
344 1044 424 1100 certe
441 1058 498 1099 aaa
519 1041 597 1099 cudit
614 1041 646 1100 in
665 1042 885 1118 rempublicam,
906 1042 990 1101 cuius
1007 1045 1053 1100 est
1074 1057 1176 1100 omnes
1196 1037 1296 1097 defen·

217 1140 315 1200 dere.'⁷
356 1142 494 1202 Etiamne
511 1144 626 1221 patriae
646 1143 811 1221 proditores
828 1149 859 1205 et
886 1146 1054 1203 vastatores
1079 1142 1124 1201 rei
1151 1140 1298 1218 publicae,

215 1244 460 1318 quemadmodum
470 1247 552 1322 prius
569 1246 804 1323 dixitpruesidiu
815 1247 905 1307 etiam
923 1264 974 1306 eos
984 1244 1142 1304 defendere
1154 1247 1298 1320 oportere,

215 1345 266 1423 qui
287 1347 411 1408 iniurias
432 1348 636 1410 inferanttet
659 1350 749 1410 etiam
759 1367 835 1426 quae
856 1349 929 1408 dicit
948 1351 983 1408 Β.
995 1382 1035 1390 -
1055 1347 1160 1407 Sedut
1177 1346 1298 1406 tandem

214 1451 253 1510 ad
270 1452 324 1511 illa
340 1458 531 1530 revertamur,
553 1470 629 1529 quae
658 1453 812 1513 indefensa
826 1453 1014 1529 reliquimus:
1045 1453 1202 1530 prohibere
1235 1452 1299 1511 suis

214 1552 372 1628 praesidiis
382 1553 492 1612 Consul
508 1555 614 1632 potuit,
636 1555 762 1630 nequid
782 1555 889 1614 hostile
910 1554 1041 1615 Catilina
1059 1556 1091 1614 in
1101 1554 1174 1614 urbe
1195 1558 1298 1613 eontra

214 1673 277 1715 rem
296 1656 444 1733 publicam
468 1657 587 1735 faceret,
608 1670 668 1717 nen
685 1675 774 1735 quam
791 1657 951 1735 perniciem
969 1658 1086 1716 civibus
1097 1656 1237 1716 inferret:
1259 1673 1297 1715 ne

215 1759 332 1819 Laecae
349 1760 467 1820 domum
488 1762 658 1821 conveniret
677 1761 777 1837 ibique
798 1761 875 1820 clam
893 1760 1017 1820 consilia
1027 1760 1116 1819 iniret
1126 1763 1297 1818 connarem

212 1862 371 1940 publicam,
392 1867 483 1923 utres
494 1868 672 1941 aetempora
693 1881 759 1922 sese
776 1863 935 1943 habebant,
957 1863 1100 1941 impedire
1114 1881 1174 1923 non
1189 1864 1295 1941 potuit,

213 1982 269 2026 nee
290 1966 392 2026 debuit
413 1967 532 2044 quidem
552 1969 643 2044 prius,
665 1984 754 2043 quam
772 1968 871 2025 omnia
891 1968 965 2027 satis
987 1969 1105 2041 cognita
1126 1968 1155 2025 ei
1189 1970 1297 2042 essent,

211 2087 269 2146 quo
286 2071 392 2129 melius
413 2072 646 2130 coniurationem
664 2071 884 2147 deprehendere
895 2076 984 2147 atque
996 2073 1161 2148 opprimere
1182 2076 1294 2148 posset.

214 2174 300 2247 Quae
331 2175 390 2234 iarn
418 2176 527 2252 optime
549 2193 580 2234 se
608 2176 796 2252 perspexisse
827 2175 975 2235 Catilinae
996 2175 1126 2235 ostendit
1147 2180 1236 2252 atque
1254 2177 1298 2233 ita

215 2281 308 2340 vitam
326 2297 357 2339 se
379 2280 407 2339 ei
423 2280 582 2340 concedere
593 2280 674 2356 dicit,
695 2283 729 2338 ut
746 2297 938 2357 quaeeunque
956 2284 1130 2340 eontrarem
1151 2278 1300 2356 publicam

216 2385 367 2462 suscipere
387 2385 470 2462 velit,
492 2386 531 2444 sit
551 2383 762 2462 prohibiturus.

259 2590 490 2671 speculabantur
514 2600 598 2673 utque
626 2595 792 2655 custodient.
836 2595 899 2669 ,De
918 2597 1013 2656 oculis
1029 2601 1109 2657 recte
1127 2597 1242 2676 dicitur,
1263 2598 1300 2658 de

218 2695 339 2753 auribus
351 2700 452 2755 contra
464 2698 584 2756 stultius
602 2702 656 2774 est,
678 2716 767 2774 quam
782 2702 816 2758 ut
833 2699 956 2758 verbnm
977 2698 1014 2758 de
1033 2717 1112 2760 aare
1130 2700 1298 2760 addendum

218 2815 284 2858 esse
308 2799 473 2857 videatur.''
516 2800 565 2859 Sic
586 2803 632 2877 R,
655 2804 702 2861 cui
727 2802 899 2863 adsentiens
919 2805 953 2863 B.
976 2804 1058 2881 dicit,
1078 2811 1215 2865 neutrum
1235 2825 1300 2866 ver·

216 2904 286 2964 bum
304 2903 460 2963 convenire
482 2903 630 2962 criribris.''
671 2905 746 2963 Mihi
766 2910 922 2982 nurumque
944 2907 1108 2969 verbumst
1129 2910 1249 2970 auribus
1271 2916 1301 2970 et

216 3007 310 3067 oeulis
332 3006 489 3065 convenire
506 3005 632 3083 videtur,
653 3024 709 3066 neo
727 3006 911 3081 seiungenda
932 3008 1051 3084 quidem
1068 3010 1143 3069 haee
1163 3004 1302 3089 esse,sed

216 3110 260 3169 ita
280 3109 431 3183 iungenda
444 3114 478 3169 ut
499 3110 584 3185 quasi
606 3127 696 3169 unum
718 3109 854 3168 efficiant.
897 3110 978 3169 Falli
1006 3117 1114 3190 autem,
1136 3113 1187 3189 qui
1205 3131 1301 3190 specu

220 3213 278 3271 lari
298 3213 335 3273 de
357 3213 450 3272 oculis
472 3216 588 3273 tantum
605 3207 664 3273 diei
686 3214 866 3291 existiment,
887 3208 937 3274 vel
957 3233 1016 3275 nno
1039 3216 1121 3276 Livii
1131 3218 1196 3278 loeo
1215 3217 1303 3279 facile

219 3317 400 3393 convincam,
421 3316 473 3392 qui
494 3316 545 3373 lib.
567 3316 664 3393 XLII,
686 3318 765 3394 25,8.
786 3319 862 3377 haee
890 3320 1001 3379 scribit:
1026 3320 1122 3398 ,qnod
1137 3322 1190 3381 alii
1214 3340 1304 3401 super

218 3420 294 3479 alios
318 3419 411 3493 legati
432 3418 568 3477 venirent
596 3419 743 3495 speculari
767 3419 845 3479 dictu
876 3420 1013 3500 factuque
1033 3442 1097 3502 sua,
1118 3425 1197 3502 quod
1215 3443 1247 3486 se
1265 3426 1304 3485 ad

217 3528 321 3583 nutum
338 3523 552 3600 imperiumque
567 3540 668 3582 eorum
682 3524 781 3582 omnia
798 3523 893 3583 dicem
910 3542 946 3584 cc
963 3525 1062 3602 fucere
1087 3545 1214 3606 aequum
1235 3549 1302 3591 cen-

218 3626 345 3688 serent.”
387 3625 471 3684 Idem
502 3625 574 3685 ibid.
607 3643 671 3702 cap.
702 3629 749 3685 17:
783 3626 840 3699 ,ad
860 3627 1016 3687 visendum
1047 3633 1158 3689 statum
1175 3632 1304 3707 regionis

219 3729 283 3789 eius
306 3726 537 3805 speculandaque
568 3724 719 3783 conscilio?
749 3725 785 3784 of.
811 3726 872 3786 Oia
905 3728 936 3786 in
969 3730 1053 3789 Verr.
1083 3732 1120 3810 V,
1155 3735 1203 3811 62,
1237 3737 1304 3794 161:

220 3833 318 3906 ,Tum
339 3832 395 3891 iste
413 3849 446 3891 se
464 3831 642 3907 comperisse
660 3831 712 3908 ait,
734 3848 801 3890 eum
819 3832 988 3908 maculandi
1010 3852 1101 3896 causa
1118 3838 1149 3896 in
1170 3837 1303 3900 Siciliam

219 3936 257 3995 ab
270 3934 395 3995 ducibus
415 3933 605 4009 fugitivorum
634 3951 700 3994 esse
718 3934 870 3994 missum.''
912 3935 972 3997 Sed
995 3939 1130 4015 plurimis
1159 3946 1304 4022 exemplis

218 4039 338 4118 probari
354 4042 461 4116 potest,
483 4055 572 4115 saepe
596 4038 741 4115 speculari
755 4057 814 4098 non
831 4045 893 4099 tam
913 4041 1030 4101 uidendi
1051 4063 1140 4119 quam
1155 4046 1304 4107 obseruau-

218 4145 259 4223 di,
287 4141 481 4220 emriosccudi,
513 4141 675 4201 insidiandi
707 4143 951 4217 significationem
971 4144 1090 4224 habere,
1115 4153 1149 4208 ut
1173 4154 1304 4210 nostrum

220 4243 378 4322 bespiederr,
390 4261 449 4322 qua
459 4244 580 4304 notione
598 4244 688 4305 etiam
703 4246 840 4323 usurpari
854 4247 989 4308 videmus
1009 4250 1132 4309 verbum
1153 4253 1306 4313 custodire.-

219 4348 280 4411 cio.
301 4349 338 4409 de
356 4349 440 4426 petit.
461 4348 549 4409 Cons.
572 4366 596 4408 c.
609 4349 657 4407 49:
704 4348 783 4423 ,Fac
805 4349 905 4427 itaque
928 4356 961 4413 ut
980 4369 1012 4413 se
1036 4352 1090 4413 abs
1111 4359 1141 4416 te
1159 4356 1310 4427 mstodiri,

1160 4462 1178 4516 2
