3086 5192
745 476 784 533 49

222 645 299 709 care,
331 646 423 708 eoque
451 633 547 716 magis
570 632 686 709 patriae
710 632 832 692 vocibus
861 632 889 690 ei
914 632 1077 708 parendum
1102 648 1177 691 esse.
1220 629 1306 704 Quod

222 752 293 794 vere
309 737 352 794 ita
373 736 542 812 probaverit
562 737 620 796 sibi
636 737 818 813 propositum
836 752 902 795 esse
923 737 955 794 in
971 736 1044 796 urbe
1059 752 1187 813 manere,
1209 735 1247 794 ab
1261 736 1304 793 in-

221 836 310 909 genio
337 838 518 914 consilioque
545 838 693 897 Catilinae
724 854 844 914 prorsus
876 838 1006 897 alienum
1038 842 1098 915 est;
1129 837 1205 896 nihil
1226 838 1305 896 enim

222 937 281 997 nisi
309 939 523 1017 impudentiam
553 957 638 1000 suam
665 940 878 1016 audaciamque
904 940 955 999 ille
986 940 1133 1018 probavit,
1165 940 1216 1016 qui
1247 957 1305 1017 quo

221 1042 328 1103 melius
356 1042 493 1102 Consulis
523 1043 655 1103 turbaret
680 1043 813 1120 consilia,
844 1045 929 1118 quasi
956 1043 994 1102 ad
1019 1044 1230 1103 coniurationis
1259 1059 1305 1102 su-

223 1147 384 1224 spicionem
404 1146 566 1225 vitandam,
587 1148 619 1205 iu
631 1147 796 1207 custodiam
814 1164 846 1206 se
867 1148 945 1207 vello
966 1146 1037 1207 dare
1056 1147 1199 1206 simulans
1209 1148 1247 1206 iis
1257 1166 1308 1225 po·

222 1250 369 1311 tissimum
387 1268 420 1310 se
440 1252 604 1329 obtulisset,
625 1268 699 1329 quos
717 1255 796 1311 certo
813 1250 902 1310 sciret
923 1267 955 1311 se
972 1268 1031 1311 non
1052 1254 1222 1328 recepturos
1233 1267 1308 1329 esse,

222 1353 401 1431 tandemque
421 1371 459 1413 ne
491 1354 565 1414 dicis
596 1371 687 1414 causa
708 1353 814 1414 fecisse
833 1352 992 1431 videremur,
1013 1353 1052 1412 ad
1066 1353 1197 1413 sodalem
1218 1352 1309 1412 demi·

222 1462 348 1536 grasset,
368 1457 419 1534 qui
442 1456 573 1534 profecto
596 1475 664 1516 eum
685 1474 744 1515 non
765 1460 883 1530 cogeret
908 1454 1020 1516 diutius
1037 1457 1070 1515 iu
1089 1457 1162 1516 urbe
1180 1474 1308 1535 manere,

225 1577 315 1638 quam
336 1560 394 1637 ipsi
416 1559 598 1620 commodum
618 1565 708 1636 atque
728 1559 803 1620 utile
823 1558 987 1619 videretur:
1009 1559 1088 1635 quod
1108 1559 1240 1619 indicare
1261 1559 1309 1618 ci-

224 1680 361 1724 ceronem
377 1663 481 1740 opinor
500 1662 547 1740 iis,
568 1679 645 1739 quae
666 1661 775 1721 ironice
794 1660 885 1739 addit,
908 1677 990 1738 quem
1008 1666 1039 1718 lo
1055 1659 1236 1720 oldeliccl—
1247 1660 1312 1735 sore

222 1765 342 1843 puteali.
383 1764 550 1824 Artificiose
573 1764 666 1838 igitur
682 1768 781 1823 orator
800 1761 888 1822 huius
909 1763 953 1821 rei
970 1762 1112 1840 meminit,
1132 1766 1167 1822 ut
1187 1766 1310 1839 quanto·

224 1886 295 1947 pere
326 1868 424 1927 omnia
447 1867 513 1927 eius
529 1865 654 1927 consilia
674 1865 835 1944 perspiciat
855 1870 885 1924 et
906 1864 965 1942 ipsi
987 1864 1134 1942 ostendat,
1157 1870 1187 1924 et
1204 1865 1310 1926 ceteris

223 1971 430 2051 perspicienda
450 1989 487 2031 ea
507 1970 658 2048 praebeat.

265 2182 358 2261 §20.
383 2180 416 2242 Sl
444 2182 532 2242 colori
560 2200 648 2260 ecquo
679 2180 776 2242 uoluae
803 2201 862 2242 arou
881 2190 970 2260 poles.
995 2184 1119 2262 ,Inepta
1139 2185 1214 2246 haec
1232 2191 1309 2247 sunt.

226 2285 302 2345 Mori
323 2303 418 2363 aequo
432 2286 531 2345 animo
549 2286 568 2344 i.
590 2304 616 2345 e.
638 2284 804 2363 tranquille,
825 2285 933 2346 dicitur
950 2286 987 2347 de
1005 2305 1040 2346 eo
1062 2288 1113 2363 qui
1123 2292 1247 2363 paratus
1257 2293 1312 2365 est,

226 2389 278 2465 qui
305 2395 428 2451 mortem
454 2408 514 2449 non
540 2389 675 2450 metuit.''
726 2391 764 2449 R.
795 2422 836 2433 -
863 2390 955 2450 Aliud
978 2396 1025 2451 est
1043 2391 1210 2470 lroaqaille,
1231 2392 1313 2452 aliud

227 2506 316 2569 ocqoo
347 2491 444 2551 coloro
460 2492 547 2552 mori:
570 2492 644 2550 illud
665 2492 744 2552 enim
765 2493 796 2551 in
818 2493 883 2569 ipsa
900 2498 993 2555 morte
1014 2492 1202 2573 conspicitur,
1223 2513 1313 2572 quum

226 2595 370 2655 moriendi
390 2614 480 2657 sensu
501 2613 560 2656 nou
587 2596 707 2671 angitur
728 2597 804 2674 quis,
825 2613 915 2673 quum
935 2597 1054 2675 placida
1071 2603 1164 2659 morte
1186 2598 1311 2660 decedit:

226 2698 282 2757 hoc
305 2715 376 2757 vero
397 2699 505 2758 dicitur
525 2716 615 2774 quum
632 2699 767 2778 libenter,
788 2699 853 2760 sine
874 2699 1078 2775 indignatione
1098 2706 1221 2762 mortem
1242 2703 1313 2780 obit,

225 2799 395 2873 utlegimus
410 2799 471 2858 Cic.
492 2800 529 2858 de
541 2799 610 2858 Seu.
633 2802 680 2878 23,
702 2800 722 2877 ἓ
745 2803 784 2859 83
806 2801 907 2879 (quem
927 2803 1023 2863 locum
1043 2805 1108 2880 ipse
1127 2806 1163 2864 R.
1181 2804 1311 2884 laudat):

228 2901 349 2978 „Quidi>
371 2902 449 2979 quod
467 2903 703 2979 sapientissimus
724 2905 848 2979 quisque
866 2907 1046 2982 aequissimo
1067 2910 1165 2968 animo
1182 2911 1314 2987 moritur,

227 3005 421 3066 stultissimus
452 3005 656 3083 iniquissimo'’
678 3006 697 3064 i.
719 3023 746 3064 e.
768 3006 846 3082 quod
864 3006 915 3066 ille
932 3006 1008 3067 nihil
1025 3011 1142 3070 omnino
1159 3013 1246 3071 morti
1267 3031 1312 3072 re-

227 3114 349 3188 pugnat,
372 3109 423 3169 hic
442 3125 614 3185 veroquam
634 3109 772 3168 maxime.
813 3108 928 3169 Eadem
948 3111 1063 3172 ratione
1080 3112 1110 3172 h.
1130 3114 1152 3173 l.
1174 3114 1259 3175 dicit:
1282 3114 1315 3175 Si

227 3229 322 3289 aequo
340 3213 439 3272 animo
462 3218 585 3273 mortem
602 3212 658 3272 tibi
674 3212 855 3273 consciscere
873 3229 932 3272 non
952 3219 1046 3294 potes,
1067 3217 1094 3275 si
1111 3218 1228 3277 animus
1246 3223 1315 3280 tuus

228 3316 315 3375 morti
334 3320 490 3394 repugnat,
512 3315 543 3374 in
564 3332 622 3391 quo
636 3314 712 3373 nihil
729 3315 824 3391 inepti
840 3314 1060 3392 deprehendere
1077 3336 1207 3396 possum.
1228 3322 1315 3400 Inep—

227 3425 291 3481 tum
305 3420 393 3481 loret:
415 3419 441 3479 sl
456 3417 613 3497 tranquille
633 3419 783 3478 morinen
802 3424 902 3498 potes3
924 3421 1008 3498 atqui
1024 3421 1081 3482 hoc
1100 3440 1159 3483 non
1168 3423 1242 3484 dicit
1252 3443 1315 3485 cra·

227 3528 281 3584 tor.
325 3523 440 3584 Deinde
457 3539 516 3582 non
532 3521 614 3581 videt
635 3522 682 3599 R,
702 3520 772 3598 quid
794 3521 894 3580 romlls
914 3521 1019 3581 ancello
1042 3522 1089 3581 lrlc
1107 3523 1208 3603 faciel,
1230 3545 1316 3603 qaum

227 3629 262 3688 dc
293 3645 328 3686 eo
355 3645 388 3685 re
415 3626 448 3684 lu
468 3623 705 3701 praesulantibus
736 3622 814 3681 ulbll
844 3623 965 3699 lepolor.
1005 3624 1063 3684 Oui
1082 3626 1264 3702 respondens
1280 3630 1314 3690 Β.

227 3730 347 3809 frustra,
366 3734 400 3789 ut
418 3728 544 3806 videtur,
565 3727 689 3804 probare
710 3729 841 3803 conatur,
862 3726 922 3785 iam
939 3729 1042 3788 mortis
1060 3729 1209 3805 quandam
1219 3732 1317 3794 inesse

227 3833 474 3908 significationem
498 3832 529 3890 in
559 3830 671 3890 verbis:
703 3833 855 3906 ,potestne
883 3830 938 3890 tibi
958 3829 1033 3891 haec
1052 3832 1105 3891 lux
1125 3866 1166 3876 -
1186 3852 1252 3895 esse
1272 3836 1316 3896 iu-

229 3935 430 4013 cundus?”§
454 3935 512 4012 15,
532 3951 609 4011 quae
630 3934 734 3995 eadem
755 3934 904 3994 sententia
914 3933 974 3994 dici
985 3935 1122 3996 exutimo
1132 3942 1222 4015 atque
1232 3939 1318 4000 initio

228 4064 253 4106 c.
285 4043 343 4102 VI:
367 4040 455 4118 „quid
476 4045 531 4118 est,
552 4039 630 4115 quod
647 4043 677 4099 te
698 4038 759 4098 iam
780 4039 811 4097 in
831 4037 889 4098 hac
906 4039 979 4099 urbe
1000 4038 1149 4100 delectare
1168 4043 1264 4118 possit
1276 4043 1313 4102 ?”

229 4146 289 4208 Sed
317 4163 355 4206 ne
384 4143 487 4204 debuit
514 4141 632 4218 quidem
665 4145 734 4200 ante
754 4141 856 4200 mortis
874 4142 984 4201 mentio
1016 4140 1093 4220 fieri3
1123 4141 1219 4202 adhuc
1237 4144 1317 4204 enim

229 4256 366 4314 versatus
394 4254 441 4310 est
464 4249 562 4308 orator
589 4246 621 4304 in
652 4243 879 4316 demonstrando
909 4262 960 4304 cur
980 4244 1062 4323 utile,
1084 4245 1174 4305 immo
1195 4262 1316 4307 necesse

229 4360 317 4436 esset,
348 4358 382 4417 ut
402 4352 532 4416 Catilina
552 4368 590 4412 ex
610 4349 682 4409 urbe
703 4345 951 4427 proficisceretur:
974 4347 1034 4409 iam
1056 4347 1141 4422 quasi
1162 4351 1206 4408 tot
1227 4363 1312 4422 argur-

1176 4454 1196 4509 4
