3086 5192
737 466 774 524 73

217 625 248 685 4:
272 619 387 699 „Quum
404 624 534 684 viderem
555 655 596 666 -—
616 624 642 683 si
660 624 752 703 illum,
773 629 807 684 ut
828 628 892 683 erat
912 625 1042 701 meritus,
1063 627 1155 683 morte
1172 622 1294 682 multas-

109 720 112 724 ’
217 743 286 805 sem,
306 727 368 787 fore
385 731 418 786 ut
439 726 503 786 eius
521 725 615 786 socios
633 726 748 785 invidia
768 743 926 804 oppressus
947 726 1084 804 persequi
1099 742 1158 786 non
1168 742 1293 803 possem,

215 847 275 890 rem
306 829 365 890 hue
385 829 502 908 declani,
522 834 556 890 ut
573 834 636 890 tum
656 830 757 906 palam
773 847 906 906 pugnare
921 829 1052 907 possetis,
1073 846 1162 905 quum
1178 827 1295 887 hostem

215 937 316 1011 aperte
347 933 499 993 videretis'’
525 934 544 994 i.
579 952 606 993 e.
631 951 667 993 eo
686 952 749 994 rem
766 933 885 1011 deduxi,
905 937 939 994 ut
956 951 1023 993 eum
1044 934 1217 1011 emitterem,
1237 948 1296 1008 qno

214 1035 301 1115 facto,
326 1054 416 1113 quum
442 1036 558 1097 hostem
585 1041 687 1115 aperte
713 1037 865 1114 videretis,
885 1037 985 1114 palam
1005 1055 1138 1114 pugnare
1158 1035 1295 1113 possetis.

215 1137 259 1198 df.
277 1139 368 1199 etiam
386 1137 467 1199 Orat.
485 1139 541 1217 III,
561 1139 581 1216 ξ
600 1142 629 1198 4.
672 1138 732 1198 Sed
754 1138 936 1197 subridicule
953 1143 1031 1214 sunt,
1054 1156 1130 1217 quae
1147 1142 1296 1214 postremo

214 1242 278 1302 loeo
306 1241 378 1302 dicit
401 1242 448 1300 Ra
480 1240 569 1299 noalto
599 1240 696 1299 minas
726 1240 794 1300 inde
819 1239 908 1319 offici,
927 1246 959 1299 at
981 1240 1125 1299 Catilinae
1146 1237 1298 1298 cortamina

212 1343 308 1421 potins
327 1342 510 1403 latrocinium
527 1360 612 1421 qaam
635 1341 739 1401 bellam
756 1341 984 1420 nominarentur,
1005 1343 1091 1418 quasi
1104 1357 1212 1401 nomam
1226 1340 1296 1400 affe-

215 1451 262 1507 rat
281 1451 497 1522 argumentum.
535 1446 618 1506 Haeo
647 1445 726 1504 enim
754 1463 873 1522 prorsus
895 1445 934 1504 ab
964 1444 1208 1506 antecedentibus
1225 1461 1296 1520 pen-

216 1551 302 1628 dent3
332 1556 423 1628 utque
444 1550 567 1628 imperio
587 1550 748 1628 praeditus,
769 1551 906 1627 quamvis
923 1568 985 1610 rem
1005 1550 1154 1627 publicam
1174 1565 1297 1625 vexans,

216 1655 326 1714 bellum
346 1660 446 1715 tamen
466 1671 568 1729 gerere
589 1653 765 1732 dicipotest,
786 1653 865 1730 quod
875 1652 985 1732 Sullae,
1006 1652 1153 1731 Caesaris,
1174 1650 1298 1710 aliorum

217 1759 360 1835 exemplis
388 1757 606 1835 comprobatur:
628 1757 671 1815 sic
695 1755 726 1815 id
744 1755 822 1831 quod
841 1773 859 1814 a
876 1756 1002 1833 privato,
1022 1755 1073 1832 qui
1091 1757 1216 1832 temptat
1235 1770 1298 1812 rem

216 1861 373 1939 publicam,
394 1862 536 1920 scelerate
557 1860 717 1937 suscipitur
737 1860 847 1936 optimo
868 1860 931 1920 inre
954 1858 1136 1919 latrocinium
1153 1858 1220 1937 dici,
1232 1857 1299 1934 quis

217 1965 393 2039 negaverit?
415 1965 493 2042 quod
511 1969 590 2025 reete
612 1963 703 2023 etiam
723 1963 809 2023 docet
830 1963 864 2022 Β.

588 2201 822 2266 CAPUT
869 2203 927 2267 XI.

643 2426 861 2441 m

261 2582 296 2641 In
316 2581 405 2642 huius
422 2586 452 2642 et
474 2583 625 2659 sequentis
646 2582 753 2658 capitis
773 2582 957 2660 expositione
978 2581 1085 2641 eximie
1116 2580 1213 2642 denuo
1233 2597 1298 2657 pro·

219 2686 271 2746 bat
291 2687 461 2765 Rinkesius,
483 2705 516 2746 se
537 2687 692 2747 eonsilium
708 2687 797 2749 huius
818 2687 958 2747 orationis
980 2686 1161 2764 oratorisque
1183 2689 1300 2746 senten-

220 2787 293 2846 tiam
313 2805 371 2846 non
399 2789 513 2865 cepisse
527 2788 622 2867 modo,
644 2789 697 2848 sed
717 2808 754 2850 ne
776 2808 894 2867 operam
915 2790 1033 2866 quidem
1051 2790 1178 2867 dedisse,
1198 2793 1232 2848 ut
1252 2804 1299 2848 oo·

219 2895 382 2966 gnosceret.
423 2892 471 2951 Ita
489 2896 588 2953 autem
605 2892 722 2969 incipit:
752 2892 938 2969 „Antequam
958 2893 997 2953 ad
1025 2894 1174 2971 epilogum
1194 2892 1302 2953 transit

219 3001 394 3074 personatus
415 2996 526 3076 cicero,
557 2998 753 3075 interponitur
784 2997 922 3058 allocutio
952 2998 1076 3075 patriae,
1111 2997 1160 3056 vel
1178 3001 1300 3057 cunctae

220 3103 336 3181 Italiae,
367 3103 416 3163 vel
443 3101 633 3180 reipublicae,
665 3106 717 3162 aut
744 3102 874 3161 omnium
895 3100 1012 3161 simul.'’
1053 3100 1192 3178 Attende,
1212 3116 1302 3176 quam

219 3213 330 3268 temere
358 3213 388 3267 et
412 3207 598 3281 negligenter
621 3205 697 3266 haec
721 3205 810 3284 dicat,
842 3206 867 3265 si
892 3206 972 3266 bona
998 3204 1084 3264 modo
1114 3204 1173 3265 fide
1204 3203 1302 3279 egisse

219 3306 374 3368 habendus
395 3311 449 3386 est,
481 3326 571 3385 quum
601 3308 804 3382 gradationem
835 3309 930 3368 illam:
962 3308 988 3368 st
1015 3308 1126 3386 patria,
1154 3307 1180 3367 si
1200 3313 1303 3367 coacta

221 3409 319 3489 ltalia,
348 3411 374 3470 si
404 3411 496 3471 amotis
522 3410 702 3488 respublica
731 3411 780 3490 (cf.
803 3410 1301 3490 §12)planeturbaretconiuu·

224 3516 320 3578 ctione
342 3514 368 3574 ει
384 3516 423 3575 ad
451 3515 577 3577 lubitum
598 3515 630 3574 in
650 3514 695 3573 ool
711 3519 742 3575 et
759 3522 810 3574 aat
830 3515 981 3593 mutanda,
1002 3534 1064 3574 rem
1081 3514 1230 3592 publicam
1250 3513 1301 3575 ad-

221 3622 320 3683 iuncto
351 3639 404 3681 suo
436 3620 599 3699 spoliando,
630 3624 719 3696 atque
747 3638 785 3679 cx
817 3619 956 3695 decerpto
986 3619 1116 3678 membro
1137 3619 1304 3679 comissas

222 3724 343 3784 arbitrio
370 3722 487 3782 ridendi
518 3738 609 3782 eausa
632 3725 768 3798 quartum
800 3720 975 3800 adiiciendo,
995 3722 1189 3782 automatum
1206 3722 1302 3784 natal.

185 3882 188 3888 ,
222 3828 287 3888 Hoc
313 3844 383 3888 vere
415 3830 462 3887 est
488 3825 684 3886 Horatiorum
711 3826 799 3885 illud:
830 3827 939 3904 fingere
969 3827 1019 3905 qai
1039 3846 1097 3886 aaa
1114 3828 1176 3888 aisa
1193 3835 1302 3906 potest:

223 3932 266 3991 ita
287 3931 338 4008 qui
365 3931 428 4005 agit
447 3929 500 3989 vix
519 3930 669 4007 postulare
686 3933 793 4006 potest,
813 3933 847 3989 ut
868 3928 925 3988 sibi
944 3929 1122 4008 ignoscatur,
1142 3931 1229 4007 qnasi
1249 3932 1303 3990 im·

223 4035 352 4114 prudens
378 4035 555 4112 peccaverit.
596 4034 747 4096 Moderate
768 4039 868 4095 tamen
888 4034 955 4094 istis
972 4035 1130 4113 respondet
1150 4036 1195 4114 B.,
1216 4053 1304 4112 quem

222 4139 297 4199 haec
325 4142 356 4198 et
372 4138 527 4215 sequentia
547 4137 644 4197 minus
660 4138 788 4198 movisse
804 4137 950 4198 videntur.
990 4138 1094 4212 Pergit
1114 4137 1193 4197 enim
1213 4139 1250 4197 R.
1272 4139 1305 4197 in

222 4243 301 4303 hune
328 4241 454 4302 modum:
499 4240 664 4317 „Haberem
694 4240 772 4317 quod
793 4257 969 4318 opponerem
989 4240 1027 4317 ei,
1047 4241 1098 4317 qni
1115 4238 1305 4300 contenderet

223 4349 356 4410 Patriam
376 4350 546 4424 loquentem
563 4364 628 4408 esse
647 4346 805 4424 inductam,
826 4350 888 4407 tum
907 4346 985 4422 quod
1006 4364 1030 4407 c.
1051 4348 1088 4404 12
1106 4344 1190 4405 initio
1208 4347 1305 4405 orator
