<?xml version="1.0" encoding="UTF-8"?>
<!DOCTYPE html PUBLIC "-//W3C//DTD XHTML 1.0 Transitional//EN"
    "http://www.w3.org/TR/xhtml1/DTD/xhtml1-transitional.dtd">
<html xmlns="http://www.w3.org/1999/xhtml" xml:lang="en" lang="en">
 <head>
  <title>
</title>
<meta http-equiv="Content-Type" content="text/html;charset=utf-8" />
  <meta name='ocr-system' content='tesseract 3.04.00' />
  <meta name='ocr-capabilities' content='ocr_page ocr_carea ocr_par ocr_line ocrx_word'/>
</head>
<body>
  <div class='ocr_page' id='page_1' title='image "./epistolacritica00epkegoog_0074.png"; bbox 0 0 3086 5192; ppageno 0'>
   <div class='ocr_carea' id='block_1_1' title="bbox 731 499 769 558">
    <p class='ocr_par' dir='ltr' id='par_1_1' title="bbox 731 499 769 558">
     <span class='ocr_line' id='line_1_1' title="bbox 731 499 769 558; baseline 0 0"><span class='ocrx_word' id='word_1_1' title='bbox 731 499 769 558; x_wconf 88' lang='grc'><strong>65</strong></span> 
     </span>
    </p>
   </div>
   <div class='ocr_carea' id='block_1_2' title="bbox 32 656 1289 736">
    <p class='ocr_par' dir='ltr' id='par_1_2' title="bbox 32 656 1289 736">
     <span class='ocr_line' id='line_1_2' title="bbox 32 656 1289 736; baseline -0.005 -17"><span class='ocrx_word' id='word_1_2' title='bbox 32 716 40 730; x_wconf 85' lang='grc'>,</span> <span class='ocrx_word' id='word_1_3' title='bbox 134 703 137 706; x_wconf 81' lang='lat'>-</span> <span class='ocrx_word' id='word_1_4' title='bbox 207 657 409 719; x_wconf 86' lang='lat' dir='ltr'><strong>tantummodo</strong></span> <span class='ocrx_word' id='word_1_5' title='bbox 436 657 475 717; x_wconf 88' lang='lat' dir='ltr'><strong>ad</strong></span> <span class='ocrx_word' id='word_1_6' title='bbox 504 657 609 715; x_wconf 86' lang='lat' dir='ltr'><strong>bellum</strong></span> <span class='ocrx_word' id='word_1_7' title='bbox 639 659 775 736; x_wconf 83' lang='lat' dir='ltr'>pertinet,</span> <span class='ocrx_word' id='word_1_8' title='bbox 797 658 836 716; x_wconf 89' lang='lat' dir='ltr'><strong>ad</strong></span> <span class='ocrx_word' id='word_1_9' title='bbox 865 656 952 716; x_wconf 86' lang='lat' dir='ltr'><strong>otiam</strong></span> <span class='ocrx_word' id='word_1_10' title='bbox 984 674 1100 733; x_wconf 89' lang='lat' dir='ltr'><strong>quoque</strong></span> <span class='ocrx_word' id='word_1_11' title='bbox 1128 657 1289 717; x_wconf 78' lang='lat' dir='ltr'><strong>transtulit.</strong></span> 
     </span>
    </p>
   </div>
   <div class='ocr_carea' id='block_1_3' title="bbox 163 756 1294 1253">
    <p class='ocr_par' dir='ltr' id='par_1_3' title="bbox 163 756 1294 1253">
     <span class='ocr_line' id='line_1_3' title="bbox 207 756 1290 834; baseline -0.005 -14"><span class='ocrx_word' id='word_1_12' title='bbox 207 760 268 820; x_wconf 80' lang='lat' dir='ltr'><strong>Sed</strong></span> <span class='ocrx_word' id='word_1_13' title='bbox 295 778 332 820; x_wconf 90' lang='lat' dir='ltr'><strong>ne</strong></span> <span class='ocrx_word' id='word_1_14' title='bbox 353 760 536 821; x_wconf 79' lang='lat' dir='ltr'><strong>intellexisse</strong></span> <span class='ocrx_word' id='word_1_15' title='bbox 564 758 682 834; x_wconf 90' lang='lat' dir='ltr'><strong>quidem</strong></span> <span class='ocrx_word' id='word_1_16' title='bbox 714 777 781 819; x_wconf 92' lang='lat' dir='ltr'><strong>eum</strong></span> <span class='ocrx_word' id='word_1_17' title='bbox 801 758 936 820; x_wconf 87' lang='lat' dir='ltr'><strong>videmus</strong></span> <span class='ocrx_word' id='word_1_18' title='bbox 968 758 1044 819; x_wconf 85' lang='lat' dir='ltr'><strong>haee</strong></span> <span class='ocrx_word' id='word_1_19' title='bbox 1065 758 1212 818; x_wconf 85' lang='lat' dir='ltr'><strong>voeabula</strong></span> <span class='ocrx_word' id='word_1_20' title='bbox 1233 756 1290 817; x_wconf 89' lang='lat' dir='ltr'><strong>sibi</strong></span> 
     </span>
     <span class='ocr_line' id='line_1_4' title="bbox 207 858 1289 940; baseline -0.007 -18"><span class='ocrx_word' id='word_1_21' title='bbox 207 863 332 923; x_wconf 80' lang='lat' dir='ltr'><strong>invicem</strong></span> <span class='ocrx_word' id='word_1_22' title='bbox 354 880 420 923; x_wconf 88' lang='lat' dir='ltr'><strong>esse</strong></span> <span class='ocrx_word' id='word_1_23' title='bbox 440 861 584 940; x_wconf 89' lang='lat' dir='ltr'><strong>opposita,</strong></span> <span class='ocrx_word' id='word_1_24' title='bbox 604 861 679 921; x_wconf 89' lang='lat' dir='ltr'><strong>talia</strong></span> <span class='ocrx_word' id='word_1_25' title='bbox 699 861 908 921; x_wconf 87' lang='lat' dir='ltr'><strong>adnotantem:</strong></span> <span class='ocrx_word' id='word_1_26' title='bbox 939 861 1097 936; x_wconf 79' lang='lat' dir='ltr'><strong>„Fortasse</strong></span> <span class='ocrx_word' id='word_1_27' title='bbox 1115 859 1207 919; x_wconf 92' lang='lat' dir='ltr'><strong>otium</strong></span> <span class='ocrx_word' id='word_1_28' title='bbox 1218 858 1247 917; x_wconf 94' lang='lat' dir='ltr'><strong>h.</strong></span> <span class='ocrx_word' id='word_1_29' title='bbox 1269 858 1289 915; x_wconf 91' lang='lat' dir='ltr'><strong>l.</strong></span> 
     </span>
     <span class='ocr_line' id='line_1_5' title="bbox 163 961 1291 1044; baseline -0.004 -17"><span class='ocrx_word' id='word_1_30' title='bbox 163 1006 168 1015; x_wconf 81' lang='lat'><strong>,</strong></span> <span class='ocrx_word' id='word_1_31' title='bbox 207 985 226 1027; x_wconf 88' lang='lat' dir='ltr'><strong>a</strong></span> <span class='ocrx_word' id='word_1_32' title='bbox 246 967 363 1028; x_wconf 84' lang='lat' dir='ltr'><strong>rhetore</strong></span> <span class='ocrx_word' id='word_1_33' title='bbox 383 966 512 1044; x_wconf 89' lang='lat' dir='ltr'><strong>positum</strong></span> <span class='ocrx_word' id='word_1_34' title='bbox 532 970 578 1026; x_wconf 87' lang='lat' dir='ltr'><strong>est</strong></span> <span class='ocrx_word' id='word_1_35' title='bbox 591 983 627 1024; x_wconf 91' lang='lat' dir='ltr'><strong>ea</strong></span> <span class='ocrx_word' id='word_1_36' title='bbox 644 963 859 1040; x_wconf 81' lang='lat' dir='ltr'><strong>significatione</strong></span> <span class='ocrx_word' id='word_1_37' title='bbox 877 969 911 1025; x_wconf 91' lang='lat' dir='ltr'><strong>ut</strong></span> <span class='ocrx_word' id='word_1_38' title='bbox 928 981 1031 1041; x_wconf 83' lang='lat' dir='ltr'><strong>paoem</strong></span> <span class='ocrx_word' id='word_1_39' title='bbox 1048 961 1215 1038; x_wconf 79' lang='lat' dir='ltr'><strong>significare</strong></span> <span class='ocrx_word' id='word_1_40' title='bbox 1241 978 1291 1022; x_wconf 89' lang='lat' dir='ltr'><strong>ve·</strong></span> 
     </span>
     <span class='ocr_line' id='line_1_6' title="bbox 207 1065 1293 1145; baseline -0.004 -16"><span class='ocrx_word' id='word_1_41' title='bbox 207 1070 272 1132; x_wconf 88' lang='lat' dir='ltr'><strong>lit.&#39;&#39;</strong></span> <span class='ocrx_word' id='word_1_42' title='bbox 314 1069 411 1143; x_wconf 80' lang='lat' dir='ltr'><strong>Quam</strong></span> <span class='ocrx_word' id='word_1_43' title='bbox 441 1070 533 1145; x_wconf 83' lang='lat' dir='ltr'><strong>igitur</strong></span> <span class='ocrx_word' id='word_1_44' title='bbox 553 1069 798 1145; x_wconf 78' lang='lat' dir='ltr'><strong>significationem</strong></span> <span class='ocrx_word' id='word_1_45' title='bbox 830 1069 900 1129; x_wconf 89' lang='lat' dir='ltr'><strong>huie</strong></span> <span class='ocrx_word' id='word_1_46' title='bbox 927 1068 1073 1128; x_wconf 86' lang='lat' dir='ltr'><strong>voeabulo</strong></span> <span class='ocrx_word' id='word_1_47' title='bbox 1105 1065 1293 1127; x_wconf 80' lang='lat' dir='ltr'><strong>tribuendam</strong></span> 
     </span>
     <span class='ocr_line' id='line_1_7' title="bbox 209 1172 1294 1253; baseline -0.008 -15"><span class='ocrx_word' id='word_1_48' title='bbox 209 1194 275 1238; x_wconf 87' lang='lat' dir='ltr'><strong>esse</strong></span> <span class='ocrx_word' id='word_1_49' title='bbox 302 1175 367 1253; x_wconf 90' lang='lat' dir='ltr'><strong>ipse</strong></span> <span class='ocrx_word' id='word_1_50' title='bbox 387 1175 537 1251; x_wconf 77' lang='lat' dir='ltr'><strong>putabat?</strong></span> <span class='ocrx_word' id='word_1_51' title='bbox 578 1176 684 1252; x_wconf 83' lang='lat' dir='ltr'><strong>Legat,</strong></span> <span class='ocrx_word' id='word_1_52' title='bbox 706 1174 824 1252; x_wconf 81' lang='lat' dir='ltr'><strong>suadeo,</strong></span> <span class='ocrx_word' id='word_1_53' title='bbox 845 1173 943 1232; x_wconf 88' lang='lat' dir='ltr'><strong>Bootii</strong></span> <span class='ocrx_word' id='word_1_54' title='bbox 960 1172 1244 1249; x_wconf 84' lang='lat' dir='ltr'><strong>interpretationem,</strong></span> <span class='ocrx_word' id='word_1_55' title='bbox 1263 1174 1294 1230; x_wconf 89' lang='lat' dir='ltr'><strong>et</strong></span> 
     </span>
    </p>
   </div>
   <div class='ocr_carea' id='block_1_4' title="bbox 208 1274 1295 1781">
    <p class='ocr_par' dir='ltr' id='par_1_4' title="bbox 208 1274 1295 1781">
     <span class='ocr_line' id='line_1_8' title="bbox 209 1274 1293 1357; baseline -0.003 -20"><span class='ocrx_word' id='word_1_56' title='bbox 209 1284 357 1356; x_wconf 78' lang='lat' dir='ltr'><strong>comparet</strong></span> <span class='ocrx_word' id='word_1_57' title='bbox 377 1277 450 1337; x_wconf 82' lang='lat' dir='ltr'><strong>Sall.</strong></span> <span class='ocrx_word' id='word_1_58' title='bbox 463 1279 498 1337; x_wconf 91' lang='lat' dir='ltr'><strong>B.</strong></span> <span class='ocrx_word' id='word_1_59' title='bbox 519 1278 552 1338; x_wconf 91' lang='lat' dir='ltr'><strong>C.</strong></span> <span class='ocrx_word' id='word_1_60' title='bbox 570 1283 617 1356; x_wconf 82' lang='grc'><strong>17,</strong></span> <span class='ocrx_word' id='word_1_61' title='bbox 639 1283 667 1357; x_wconf 89' lang='grc'><strong>6,</strong></span> <span class='ocrx_word' id='word_1_62' title='bbox 688 1281 719 1337; x_wconf 90' lang='lat' dir='ltr'><strong>in</strong></span> <span class='ocrx_word' id='word_1_63' title='bbox 740 1278 843 1356; x_wconf 92' lang='lat' dir='ltr'><strong>primis</strong></span> <span class='ocrx_word' id='word_1_64' title='bbox 860 1295 930 1337; x_wconf 88' lang='lat' dir='ltr'><strong>vero</strong></span> <span class='ocrx_word' id='word_1_65' title='bbox 948 1295 1024 1353; x_wconf 86' lang='lat' dir='ltr'><strong>quae</strong></span> <span class='ocrx_word' id='word_1_66' title='bbox 1040 1276 1113 1336; x_wconf 89' lang='lat' dir='ltr'><strong>dioit</strong></span> <span class='ocrx_word' id='word_1_67' title='bbox 1131 1275 1234 1335; x_wconf 84' lang='lat' dir='ltr'><strong>Cicero</strong></span> <span class='ocrx_word' id='word_1_68' title='bbox 1255 1274 1293 1334; x_wconf 94' lang='lat' dir='ltr'><strong>de</strong></span> 
     </span>
     <span class='ocr_line' id='line_1_9' title="bbox 209 1380 1293 1460; baseline -0.002 -20"><span class='ocrx_word' id='word_1_69' title='bbox 209 1382 267 1457; x_wconf 83' lang='lat' dir='ltr'><strong>leg.</strong></span> <span class='ocrx_word' id='word_1_70' title='bbox 295 1381 367 1456; x_wconf 80' lang='lat' dir='ltr'><strong>Agr.</strong></span> <span class='ocrx_word' id='word_1_71' title='bbox 384 1383 425 1460; x_wconf 93' lang='grc' dir='ltr'><strong>ΙΙ,</strong></span> <span class='ocrx_word' id='word_1_72' title='bbox 447 1383 495 1460; x_wconf 80' lang='grc'><strong>37,</strong></span> <span class='ocrx_word' id='word_1_73' title='bbox 518 1386 595 1443; x_wconf 79' lang='lat'>102:</span> <span class='ocrx_word' id='word_1_74' title='bbox 619 1384 684 1457; x_wconf 79' lang='lat' dir='ltr'><strong>,lix</strong></span> <span class='ocrx_word' id='word_1_75' title='bbox 702 1401 760 1460; x_wconf 89' lang='lat' dir='ltr'><strong>quo</strong></span> <span class='ocrx_word' id='word_1_76' title='bbox 778 1383 906 1457; x_wconf 83' lang='lat' dir='ltr'><strong>intelligi</strong></span> <span class='ocrx_word' id='word_1_77' title='bbox 923 1385 1029 1460; x_wconf 89' lang='lat' dir='ltr'><strong>potest,</strong></span> <span class='ocrx_word' id='word_1_78' title='bbox 1051 1380 1127 1439; x_wconf 89' lang='lat' dir='ltr'><strong>nihil</strong></span> <span class='ocrx_word' id='word_1_79' title='bbox 1148 1397 1215 1442; x_wconf 89' lang='lat' dir='ltr'><strong>esse</strong></span> <span class='ocrx_word' id='word_1_80' title='bbox 1232 1384 1293 1440; x_wconf 90' lang='lat' dir='ltr'><strong>tam</strong></span> 
     </span>
     <span class='ocr_line' id='line_1_10' title="bbox 208 1481 1295 1562; baseline -0.003 -19"><span class='ocrx_word' id='word_1_81' title='bbox 208 1485 360 1562; x_wconf 87' lang='lat' dir='ltr'><strong>populare,</strong></span> <span class='ocrx_word' id='word_1_82' title='bbox 380 1502 469 1561; x_wconf 89' lang='lat' dir='ltr'><strong>qnam</strong></span> <span class='ocrx_word' id='word_1_83' title='bbox 486 1484 527 1562; x_wconf 91' lang='lat' dir='ltr'><strong>id,</strong></span> <span class='ocrx_word' id='word_1_84' title='bbox 544 1485 622 1561; x_wconf 91' lang='lat' dir='ltr'><strong>quod</strong></span> <span class='ocrx_word' id='word_1_85' title='bbox 639 1502 694 1560; x_wconf 85' lang='lat' dir='ltr'><strong>ego</strong></span> <span class='ocrx_word' id='word_1_86' title='bbox 714 1483 798 1544; x_wconf 88' lang='lat' dir='ltr'><strong>vobis</strong></span> <span class='ocrx_word' id='word_1_87' title='bbox 819 1485 853 1543; x_wconf 89' lang='lat' dir='ltr'><strong>in</strong></span> <span class='ocrx_word' id='word_1_88' title='bbox 867 1483 945 1543; x_wconf 87' lang='lat' dir='ltr'><strong>hune</strong></span> <span class='ocrx_word' id='word_1_89' title='bbox 962 1499 1072 1542; x_wconf 91' lang='lat' dir='ltr'><strong>annum</strong></span> <span class='ocrx_word' id='word_1_90' title='bbox 1081 1481 1193 1541; x_wconf 89' lang='lat' dir='ltr'><strong>Consul</strong></span> <span class='ocrx_word' id='word_1_91' title='bbox 1203 1498 1295 1558; x_wconf 88' lang='lat' dir='ltr'><strong>popu·</strong></span> 
     </span>
     <span class='ocr_line' id='line_1_11' title="bbox 209 1587 1294 1666; baseline -0.003 -20"><span class='ocrx_word' id='word_1_92' title='bbox 209 1587 281 1647; x_wconf 91' lang='lat' dir='ltr'><strong>laris</strong></span> <span class='ocrx_word' id='word_1_93' title='bbox 298 1587 397 1665; x_wconf 86' lang='lat' dir='ltr'><strong>affero,</strong></span> <span class='ocrx_word' id='word_1_94' title='bbox 417 1607 530 1666; x_wconf 84' lang='lat' dir='ltr'><strong>paoem,</strong></span> <span class='ocrx_word' id='word_1_95' title='bbox 551 1590 805 1665; x_wconf 85' lang='lat' dir='ltr'><strong>tranquillitatem,</strong></span> <span class='ocrx_word' id='word_1_96' title='bbox 826 1587 946 1665; x_wconf 90' lang='lat' dir='ltr'><strong>otium’&#39;,</strong></span> <span class='ocrx_word' id='word_1_97' title='bbox 967 1591 1091 1663; x_wconf 84' lang='lat' dir='ltr'><strong>atquae</strong></span> <span class='ocrx_word' id='word_1_98' title='bbox 1112 1589 1294 1663; x_wconf 86' lang='lat' dir='ltr'><strong>sequnntur;</strong></span> 
     </span>
     <span class='ocr_line' id='line_1_12' title="bbox 210 1688 1214 1781; baseline 0 -32"><span class='ocrx_word' id='word_1_99' title='bbox 210 1707 279 1750; x_wconf 84' lang='lat' dir='ltr'><strong>nam</strong></span> <span class='ocrx_word' id='word_1_100' title='bbox 297 1694 376 1750; x_wconf 88' lang='lat' dir='ltr'><strong>totus</strong></span> <span class='ocrx_word' id='word_1_101' title='bbox 396 1690 478 1751; x_wconf 89' lang='lat' dir='ltr'><strong>loeus</strong></span> <span class='ocrx_word' id='word_1_102' title='bbox 499 1691 605 1765; x_wconf 79' lang='lat' dir='ltr'><strong>dignus</strong></span> <span class='ocrx_word' id='word_1_103' title='bbox 622 1696 678 1769; x_wconf 88' lang='lat' dir='ltr'><strong>est,</strong></span> <span class='ocrx_word' id='word_1_104' title='bbox 699 1692 750 1769; x_wconf 91' lang='lat' dir='ltr'><strong>qui</strong></span> <span class='ocrx_word' id='word_1_105' title='bbox 771 1709 837 1753; x_wconf 90' lang='lat' dir='ltr'><strong>oum</strong></span> <span class='ocrx_word' id='word_1_106' title='bbox 858 1689 906 1751; x_wconf 92' lang='lat' dir='ltr'><strong>his</strong></span> <span class='ocrx_word' id='word_1_107' title='bbox 926 1688 1101 1751; x_wconf 78' lang='lat' dir='ltr'><strong>conteratur.</strong></span> <span class='ocrx_word' id='word_1_108' title='bbox 1209 1773 1214 1781; x_wconf 23' lang='lat' dir='ltr'><em>A</em></span> 
     </span>
    </p>
   </div>
   <div class='ocr_carea' id='block_1_5' title="bbox 205 1918 1299 4373">
    <p class='ocr_par' dir='ltr' id='par_1_5' title="bbox 205 1918 1299 4373">
     <span class='ocr_line' id='line_1_13' title="bbox 252 1918 1295 2002; baseline -0.001 -20"><span class='ocrx_word' id='word_1_109' title='bbox 252 1920 362 1982; x_wconf 79' lang='lat' dir='ltr'><strong>Noctes</strong></span> <span class='ocrx_word' id='word_1_110' title='bbox 384 1941 412 1983; x_wconf 87' lang='lat' dir='ltr'><strong>es</strong></span> <span class='ocrx_word' id='word_1_111' title='bbox 430 1943 466 1983; x_wconf 80' lang='lat' dir='ltr'><strong>ea</strong></span> <span class='ocrx_word' id='word_1_112' title='bbox 484 1922 607 2001; x_wconf 83' lang='lat' dir='ltr'><strong>perditis</strong></span> <span class='ocrx_word' id='word_1_113' title='bbox 627 1958 668 1968; x_wconf 92' lang='lat'>—</span> <span class='ocrx_word' id='word_1_114' title='bbox 688 1920 881 2002; x_wconf 83' lang='lat' dir='ltr'><strong>improborum</strong></span> <span class='ocrx_word' id='word_1_115' title='bbox 901 1940 1027 1984; x_wconf 77' lang='lat' dir='ltr'><strong>martura.</strong></span> <span class='ocrx_word' id='word_1_116' title='bbox 1069 1918 1235 1984; x_wconf 81' lang='lat' dir='ltr'><strong>Discrimen</strong></span> <span class='ocrx_word' id='word_1_117' title='bbox 1251 1918 1295 1982; x_wconf 50' lang='lat' dir='ltr'><strong>&#39;in⁶</strong></span> 
     </span>
     <span class='ocr_line' id='line_1_14' title="bbox 211 2026 1297 2105; baseline 0.002 -21"><span class='ocrx_word' id='word_1_118' title='bbox 211 2027 257 2085; x_wconf 86' lang='lat' dir='ltr'><strong>ter</strong></span> <span class='ocrx_word' id='word_1_119' title='bbox 281 2026 410 2103; x_wconf 83' lang='lat' dir='ltr'><strong>perditos</strong></span> <span class='ocrx_word' id='word_1_120' title='bbox 438 2031 468 2086; x_wconf 94' lang='lat' dir='ltr'><strong>et</strong></span> <span class='ocrx_word' id='word_1_121' title='bbox 492 2026 643 2104; x_wconf 84' lang='lat' dir='ltr'><strong>improbos,</strong></span> <span class='ocrx_word' id='word_1_122' title='bbox 675 2044 748 2104; x_wconf 89' lang='lat' dir='ltr'><strong>quos</strong></span> <span class='ocrx_word' id='word_1_123' title='bbox 776 2026 956 2088; x_wconf 83' lang='lat' dir='ltr'><strong>confundere</strong></span> <span class='ocrx_word' id='word_1_124' title='bbox 984 2028 1021 2087; x_wconf 89' lang='lat' dir='ltr'><strong>R.</strong></span> <span class='ocrx_word' id='word_1_125' title='bbox 1038 2027 1165 2104; x_wconf 89' lang='lat' dir='ltr'><strong>videtur,</strong></span> <span class='ocrx_word' id='word_1_126' title='bbox 1187 2028 1297 2105; x_wconf 90' lang='lat' dir='ltr'><strong>optime</strong></span> 
     </span>
     <span class='ocr_line' id='line_1_15' title="bbox 212 2127 1298 2207; baseline 0 -21"><span class='ocrx_word' id='word_1_127' title='bbox 212 2127 298 2188; x_wconf 89' lang='lat' dir='ltr'><strong>dooet</strong></span> <span class='ocrx_word' id='word_1_128' title='bbox 317 2128 371 2207; x_wconf 93' lang='grc' dir='ltr'><strong>Β.,</strong></span> <span class='ocrx_word' id='word_1_129' title='bbox 388 2130 444 2204; x_wconf 86' lang='lat' dir='ltr'><strong>qui</strong></span> <span class='ocrx_word' id='word_1_130' title='bbox 469 2130 559 2189; x_wconf 90' lang='lat' dir='ltr'><strong>etiam</strong></span> <span class='ocrx_word' id='word_1_131' title='bbox 582 2133 682 2188; x_wconf 91' lang='lat' dir='ltr'><strong>tuetur</strong></span> <span class='ocrx_word' id='word_1_132' title='bbox 703 2147 752 2205; x_wconf 85' lang='lat' dir='ltr'><strong>spo</strong></span> <span class='ocrx_word' id='word_1_133' title='bbox 768 2127 923 2206; x_wconf 80' lang='lat' dir='ltr'><strong>derelictis,</strong></span> <span class='ocrx_word' id='word_1_134' title='bbox 945 2128 1023 2203; x_wconf 89' lang='lat' dir='ltr'><strong>quod</strong></span> <span class='ocrx_word' id='word_1_135' title='bbox 1041 2129 1092 2188; x_wconf 91' lang='lat' dir='ltr'><strong>ille</strong></span> <span class='ocrx_word' id='word_1_136' title='bbox 1115 2148 1151 2187; x_wconf 85' lang='lat' dir='ltr'><strong>oe</strong></span> <span class='ocrx_word' id='word_1_137' title='bbox 1175 2128 1298 2187; x_wconf 82' lang='lat' dir='ltr'><strong>latinum</strong></span> 
     </span>
     <span class='ocr_line' id='line_1_16' title="bbox 213 2230 1297 2308; baseline 0.003 -19"><span class='ocrx_word' id='word_1_138' title='bbox 213 2230 327 2308; x_wconf 80' lang='lat' dir='ltr'><strong>quidem</strong></span> <span class='ocrx_word' id='word_1_139' title='bbox 344 2231 464 2290; x_wconf 72' lang='lat' dir='ltr'><strong>iudicat.</strong></span> <span class='ocrx_word' id='word_1_140' title='bbox 506 2234 574 2292; x_wconf 89' lang='lat' dir='ltr'><strong>Non</strong></span> <span class='ocrx_word' id='word_1_141' title='bbox 601 2230 775 2292; x_wconf 88' lang='lat' dir='ltr'><strong>inusitatum</strong></span> <span class='ocrx_word' id='word_1_142' title='bbox 800 2230 874 2290; x_wconf 87' lang='lat' dir='ltr'><strong>illud</strong></span> <span class='ocrx_word' id='word_1_143' title='bbox 893 2231 1017 2291; x_wconf 84' lang='lat' dir='ltr'><strong>verbum</strong></span> <span class='ocrx_word' id='word_1_144' title='bbox 1038 2234 1084 2290; x_wconf 91' lang='lat' dir='ltr'><strong>est</strong></span> <span class='ocrx_word' id='word_1_145' title='bbox 1102 2230 1245 2307; x_wconf 88' lang='lat' dir='ltr'><strong>Cieeroni,</strong></span> <span class='ocrx_word' id='word_1_146' title='bbox 1267 2236 1297 2292; x_wconf 92' lang='lat' dir='ltr'><strong>et</strong></span> 
     </span>
     <span class='ocr_line' id='line_1_17' title="bbox 212 2332 1294 2412; baseline 0.003 -22"><span class='ocrx_word' id='word_1_147' title='bbox 212 2348 420 2407; x_wconf 85' lang='lat' dir='ltr'><strong>nonnunquam</strong></span> <span class='ocrx_word' id='word_1_148' title='bbox 440 2333 627 2407; x_wconf 74' lang='lat' dir='ltr'><strong>coniungitur</strong></span> <span class='ocrx_word' id='word_1_149' title='bbox 647 2351 713 2392; x_wconf 90' lang='lat' dir='ltr'><strong>oum</strong></span> <span class='ocrx_word' id='word_1_150' title='bbox 733 2332 919 2392; x_wconf 76' lang='lat' dir='ltr'><strong>desererent.</strong></span> <span class='ocrx_word' id='word_1_151' title='bbox 940 2332 1067 2392; x_wconf 85' lang='lat' dir='ltr'><strong>inVerr.</strong></span> <span class='ocrx_word' id='word_1_152' title='bbox 1087 2333 1144 2410; x_wconf 94' lang='grc' dir='ltr'>ΙΙΙ,</span> <span class='ocrx_word' id='word_1_153' title='bbox 1165 2333 1294 2412; x_wconf 80' lang='lat'><strong>51,120.</strong></span> 
     </span>
     <span class='ocr_line' id='line_1_18' title="bbox 213 2434 1296 2514; baseline 0.003 -22"><span class='ocrx_word' id='word_1_154' title='bbox 213 2451 266 2510; x_wconf 93' lang='lat' dir='ltr'><strong>pro</strong></span> <span class='ocrx_word' id='word_1_155' title='bbox 292 2434 400 2494; x_wconf 87' lang='lat' dir='ltr'><strong>Plano:</strong></span> <span class='ocrx_word' id='word_1_156' title='bbox 430 2435 458 2512; x_wconf 83' lang='lat'><strong>5,</strong></span> <span class='ocrx_word' id='word_1_157' title='bbox 487 2437 534 2494; x_wconf 82' lang='lat'><strong>13.</strong></span> <span class='ocrx_word' id='word_1_158' title='bbox 576 2435 635 2495; x_wconf 91' lang='lat' dir='ltr'><strong>Cur</strong></span> <span class='ocrx_word' id='word_1_159' title='bbox 663 2435 754 2509; x_wconf 81' lang='lat' dir='ltr'><strong>igitur</strong></span> <span class='ocrx_word' id='word_1_160' title='bbox 785 2452 852 2513; x_wconf 89' lang='lat' dir='ltr'><strong>non,</strong></span> <span class='ocrx_word' id='word_1_161' title='bbox 883 2440 917 2495; x_wconf 93' lang='lat' dir='ltr'><strong>ut</strong></span> <span class='ocrx_word' id='word_1_162' title='bbox 948 2434 1056 2496; x_wconf 84' lang='lat' dir='ltr'><strong>dieitur</strong></span> <span class='ocrx_word' id='word_1_163' title='bbox 1085 2435 1213 2494; x_wconf 84' lang='lat' dir='ltr'><strong>desertus</strong></span> <span class='ocrx_word' id='word_1_164' title='bbox 1238 2454 1296 2514; x_wconf 82' lang='lat' dir='ltr'><strong>spe,</strong></span> 
     </span>
     <span class='ocr_line' id='line_1_19' title="bbox 214 2536 1297 2615; baseline 0.002 -18"><span class='ocrx_word' id='word_1_165' title='bbox 214 2539 318 2599; x_wconf 89' lang='lat' dir='ltr'><strong>eadem</strong></span> <span class='ocrx_word' id='word_1_166' title='bbox 337 2539 451 2599; x_wconf 88' lang='lat' dir='ltr'><strong>ratione</strong></span> <span class='ocrx_word' id='word_1_167' title='bbox 472 2539 588 2599; x_wconf 82' lang='lat' dir='ltr'><strong>dicatur</strong></span> <span class='ocrx_word' id='word_1_168' title='bbox 609 2538 846 2615; x_wconf 80' lang='lat' dir='ltr'><strong>spederelietos?</strong></span> <span class='ocrx_word' id='word_1_169' title='bbox 886 2539 986 2598; x_wconf 88' lang='lat' dir='ltr'><strong>Minus</strong></span> <span class='ocrx_word' id='word_1_170' title='bbox 1006 2538 1121 2599; x_wconf 87' lang='lat' dir='ltr'><strong>fortiter</strong></span> <span class='ocrx_word' id='word_1_171' title='bbox 1141 2539 1175 2598; x_wconf 91' lang='grc' dir='ltr'><strong>Β.</strong></span> <span class='ocrx_word' id='word_1_172' title='bbox 1197 2536 1297 2599; x_wconf 85' lang='lat' dir='ltr'><strong>defen-</strong></span> 
     </span>
     <span class='ocr_line' id='line_1_20' title="bbox 212 2640 1296 2722; baseline 0.004 -22"><span class='ocrx_word' id='word_1_173' title='bbox 212 2640 257 2702; x_wconf 89' lang='lat' dir='ltr'><strong>dit</strong></span> <span class='ocrx_word' id='word_1_174' title='bbox 274 2647 375 2701; x_wconf 81' lang='lat' dir='ltr'><strong>oootur</strong></span> <span class='ocrx_word' id='word_1_175' title='bbox 397 2660 445 2720; x_wconf 81' lang='lat' dir='ltr'><strong>es,</strong></span> <span class='ocrx_word' id='word_1_176' title='bbox 466 2641 643 2718; x_wconf 88' lang='lat' dir='ltr'><strong>tandemque</strong></span> <span class='ocrx_word' id='word_1_177' title='bbox 662 2643 747 2717; x_wconf 87' lang='lat' dir='ltr'><strong>quasi</strong></span> <span class='ocrx_word' id='word_1_178' title='bbox 762 2642 836 2702; x_wconf 88' lang='lat' dir='ltr'><strong>dans</strong></span> <span class='ocrx_word' id='word_1_179' title='bbox 857 2658 962 2702; x_wconf 90' lang='lat' dir='ltr'><strong>manus</strong></span> <span class='ocrx_word' id='word_1_180' title='bbox 990 2641 1176 2702; x_wconf 75' lang='lat' dir='ltr'><strong>scribendum</strong></span> <span class='ocrx_word' id='word_1_181' title='bbox 1193 2660 1296 2722; x_wconf 88' lang='lat' dir='ltr'><strong>propo·</strong></span> 
     </span>
     <span class='ocr_line' id='line_1_21' title="bbox 213 2743 1298 2826; baseline 0.006 -24"><span class='ocrx_word' id='word_1_182' title='bbox 213 2744 276 2805; x_wconf 88' lang='lat' dir='ltr'><strong>nit:</strong></span> <span class='ocrx_word' id='word_1_183' title='bbox 298 2743 486 2822; x_wconf 76' lang='lat' dir='ltr'><strong>Nabataeos,</strong></span> <span class='ocrx_word' id='word_1_184' title='bbox 507 2744 586 2820; x_wconf 91' lang='lat' dir='ltr'><strong>quod</strong></span> <span class='ocrx_word' id='word_1_185' title='bbox 603 2763 659 2806; x_wconf 89' lang='lat' dir='ltr'><strong>nee</strong></span> <span class='ocrx_word' id='word_1_186' title='bbox 679 2745 749 2806; x_wconf 88' lang='lat' dir='ltr'><strong>hnio</strong></span> <span class='ocrx_word' id='word_1_187' title='bbox 762 2748 827 2806; x_wconf 86' lang='lat' dir='ltr'><strong>loeo</strong></span> <span class='ocrx_word' id='word_1_188' title='bbox 854 2748 1011 2807; x_wconf 83' lang='lat' dir='ltr'><strong>convenire</strong></span> <span class='ocrx_word' id='word_1_189' title='bbox 1032 2747 1178 2826; x_wconf 89' lang='lat' dir='ltr'><strong>existimo,</strong></span> <span class='ocrx_word' id='word_1_190' title='bbox 1200 2766 1298 2824; x_wconf 89' lang='lat' dir='ltr'><strong>neque</strong></span> 
     </span>
     <span class='ocr_line' id='line_1_22' title="bbox 212 2845 1296 2923; baseline 0.006 -19"><span class='ocrx_word' id='word_1_191' title='bbox 212 2845 275 2904; x_wconf 90' lang='lat' dir='ltr'><strong>ulla</strong></span> <span class='ocrx_word' id='word_1_192' title='bbox 302 2862 376 2922; x_wconf 89' lang='lat' dir='ltr'><strong>opus</strong></span> <span class='ocrx_word' id='word_1_193' title='bbox 407 2863 473 2905; x_wconf 89' lang='lat' dir='ltr'><strong>esse</strong></span> <span class='ocrx_word' id='word_1_194' title='bbox 500 2848 668 2906; x_wconf 86' lang='lat' dir='ltr'><strong>oonieotura</strong></span> <span class='ocrx_word' id='word_1_195' title='bbox 692 2847 830 2923; x_wconf 86' lang='lat' dir='ltr'><strong>probabo.</strong></span> <span class='ocrx_word' id='word_1_196' title='bbox 880 2847 964 2921; x_wconf 81' lang='lat' dir='ltr'><strong>Quae</strong></span> <span class='ocrx_word' id='word_1_197' title='bbox 1000 2854 1099 2909; x_wconf 88' lang='lat' dir='ltr'><strong>autem</strong></span> <span class='ocrx_word' id='word_1_198' title='bbox 1127 2850 1229 2911; x_wconf 88' lang='lat' dir='ltr'><strong>obiioit</strong></span> <span class='ocrx_word' id='word_1_199' title='bbox 1259 2853 1296 2910; x_wconf 88' lang='lat' dir='ltr'><strong>R.</strong></span> 
     </span>
     <span class='ocr_line' id='line_1_23' title="bbox 213 2947 1297 3027; baseline 0.003 -20"><span class='ocrx_word' id='word_1_200' title='bbox 213 2947 288 3009; x_wconf 86' lang='lat' dir='ltr'><strong>haee</strong></span> <span class='ocrx_word' id='word_1_201' title='bbox 324 2952 411 3009; x_wconf 88' lang='lat' dir='ltr'><strong>sunt:</strong></span> <span class='ocrx_word' id='word_1_202' title='bbox 453 2948 614 3024; x_wconf 85' lang='lat' dir='ltr'><strong>,quomodo</strong></span> <span class='ocrx_word' id='word_1_203' title='bbox 642 2965 714 3007; x_wconf 89' lang='lat' dir='ltr'><strong>usus</strong></span> <span class='ocrx_word' id='word_1_204' title='bbox 746 2948 828 3006; x_wconf 90' lang='lat' dir='ltr'><strong>verbi</strong></span> <span class='ocrx_word' id='word_1_205' title='bbox 856 2948 986 3007; x_wconf 79' lang='lat' dir='ltr'><strong>nancisei</strong></span> <span class='ocrx_word' id='word_1_206' title='bbox 1016 2950 1066 3008; x_wconf 84' lang='lat' dir='ltr'><strong>hio</strong></span> <span class='ocrx_word' id='word_1_207' title='bbox 1096 2950 1215 3009; x_wconf 87' lang='lat' dir='ltr'><strong>defendi</strong></span> <span class='ocrx_word' id='word_1_208' title='bbox 1246 2969 1297 3027; x_wconf 91' lang='lat' dir='ltr'><strong>po·</strong></span> 
     </span>
     <span class='ocr_line' id='line_1_24' title="bbox 205 3049 1293 3131; baseline -0.002 -18"><span class='ocrx_word' id='word_1_209' title='bbox 205 3058 284 3131; x_wconf 86' lang='lat' dir='ltr'><strong>test,</strong></span> <span class='ocrx_word' id='word_1_210' title='bbox 315 3052 393 3128; x_wconf 89' lang='lat' dir='ltr'><strong>quod</strong></span> <span class='ocrx_word' id='word_1_211' title='bbox 417 3052 537 3129; x_wconf 88' lang='lat' dir='ltr'><strong>ponitur</strong></span> <span class='ocrx_word' id='word_1_212' title='bbox 568 3052 605 3111; x_wconf 91' lang='lat' dir='ltr'><strong>de</strong></span> <span class='ocrx_word' id='word_1_213' title='bbox 627 3067 671 3129; x_wconf 90' lang='lat' dir='ltr'><strong>eo,</strong></span> <span class='ocrx_word' id='word_1_214' title='bbox 692 3051 723 3109; x_wconf 89' lang='lat' dir='ltr'><strong>in</strong></span> <span class='ocrx_word' id='word_1_215' title='bbox 745 3050 823 3125; x_wconf 91' lang='lat' dir='ltr'><strong>quod</strong></span> <span class='ocrx_word' id='word_1_216' title='bbox 845 3066 914 3109; x_wconf 84' lang='lat' dir='ltr'><strong>cuso</strong></span> <span class='ocrx_word' id='word_1_217' title='bbox 934 3049 978 3108; x_wconf 85' lang='lat' dir='ltr'><strong>oei</strong></span> <span class='ocrx_word' id='word_1_218' title='bbox 999 3050 1119 3126; x_wconf 77' lang='lat' dir='ltr'><strong>fortuito</strong></span> <span class='ocrx_word' id='word_1_219' title='bbox 1136 3051 1293 3113; x_wconf 76' lang='lat' dir='ltr'><strong>incidimus</strong></span> 
     </span>
     <span class='ocr_line' id='line_1_25' title="bbox 212 3156 1299 3235; baseline 0 -19"><span class='ocrx_word' id='word_1_220' title='bbox 212 3158 296 3218; x_wconf 87' lang='lat' dir='ltr'><strong>ouius</strong></span> <span class='ocrx_word' id='word_1_221' title='bbox 313 3157 391 3216; x_wconf 89' lang='lat' dir='ltr'><strong>hano</strong></span> <span class='ocrx_word' id='word_1_222' title='bbox 407 3158 468 3217; x_wconf 91' lang='lat' dir='ltr'><strong>vim</strong></span> <span class='ocrx_word' id='word_1_223' title='bbox 495 3157 643 3235; x_wconf 89' lang='lat' dir='ltr'><strong>propriam</strong></span> <span class='ocrx_word' id='word_1_224' title='bbox 670 3173 736 3215; x_wconf 88' lang='lat' dir='ltr'><strong>esse</strong></span> <span class='ocrx_word' id='word_1_225' title='bbox 758 3156 830 3215; x_wconf 76' lang='lat' dir='ltr'><strong>dicit</strong></span> <span class='ocrx_word' id='word_1_226' title='bbox 855 3156 998 3233; x_wconf 86' lang='lat' dir='ltr'><strong>Donatus,</strong></span> <span class='ocrx_word' id='word_1_227' title='bbox 1019 3162 1053 3214; x_wconf 90' lang='lat' dir='ltr'><strong>ut</strong></span> <span class='ocrx_word' id='word_1_228' title='bbox 1070 3156 1186 3215; x_wconf 81' lang='lat' dir='ltr'><strong>dicatur</strong></span> <span class='ocrx_word' id='word_1_229' title='bbox 1202 3156 1240 3216; x_wconf 92' lang='lat' dir='ltr'><strong>de</strong></span> <span class='ocrx_word' id='word_1_230' title='bbox 1255 3174 1299 3235; x_wconf 91' lang='lat' dir='ltr'><strong>eo,</strong></span> 
     </span>
     <span class='ocr_line' id='line_1_26' title="bbox 213 3261 1298 3339; baseline 0.001 -19"><span class='ocrx_word' id='word_1_231' title='bbox 213 3263 264 3337; x_wconf 91' lang='lat' dir='ltr'><strong>qui</strong></span> <span class='ocrx_word' id='word_1_232' title='bbox 295 3267 417 3339; x_wconf 85' lang='lat' dir='ltr'><strong>paratus</strong></span> <span class='ocrx_word' id='word_1_233' title='bbox 445 3262 484 3321; x_wconf 90' lang='lat' dir='ltr'><strong>ad</strong></span> <span class='ocrx_word' id='word_1_234' title='bbox 515 3261 683 3336; x_wconf 86' lang='lat' dir='ltr'><strong>tenendum,</strong></span> <span class='ocrx_word' id='word_1_235' title='bbox 705 3265 865 3336; x_wconf 85' lang='lat' dir='ltr'><strong>antequam</strong></span> <span class='ocrx_word' id='word_1_236' title='bbox 892 3261 987 3337; x_wconf 91' lang='lat' dir='ltr'><strong>possit</strong></span> <span class='ocrx_word' id='word_1_237' title='bbox 1004 3261 1133 3338; x_wconf 76' lang='lat' dir='ltr'><strong>reperIre</strong></span> <span class='ocrx_word' id='word_1_238' title='bbox 1155 3261 1234 3336; x_wconf 92' lang='lat' dir='ltr'><strong>quod</strong></span> <span class='ocrx_word' id='word_1_239' title='bbox 1255 3266 1298 3321; x_wconf 92' lang='lat' dir='ltr'><strong>te·</strong></span> 
     </span>
     <span class='ocr_line' id='line_1_27' title="bbox 213 3364 1297 3445; baseline 0.001 -20"><span class='ocrx_word' id='word_1_240' title='bbox 213 3370 292 3445; x_wconf 87' lang='lat' dir='ltr'><strong>neat,</strong></span> <span class='ocrx_word' id='word_1_241' title='bbox 314 3368 415 3427; x_wconf 90' lang='lat' dir='ltr'><strong>statim</strong></span> <span class='ocrx_word' id='word_1_242' title='bbox 437 3366 515 3441; x_wconf 91' lang='lat' dir='ltr'><strong>quod</strong></span> <span class='ocrx_word' id='word_1_243' title='bbox 543 3367 676 3444; x_wconf 76' lang='lat' dir='ltr'><strong>occurrit,</strong></span> <span class='ocrx_word' id='word_1_244' title='bbox 697 3364 872 3444; x_wconf 87' lang='lat' dir='ltr'><strong>prehendit:</strong></span> <span class='ocrx_word' id='word_1_245' title='bbox 895 3383 985 3442; x_wconf 88' lang='lat' dir='ltr'><strong>quum</strong></span> <span class='ocrx_word' id='word_1_246' title='bbox 1006 3370 1120 3426; x_wconf 86' lang='lat' dir='ltr'><strong>eonstet</strong></span> <span class='ocrx_word' id='word_1_247' title='bbox 1137 3366 1297 3426; x_wconf 88' lang='lat' dir='ltr'><strong>Catilinam</strong></span> 
     </span>
     <span class='ocr_line' id='line_1_28' title="bbox 212 3468 1298 3548; baseline 0.002 -19"><span class='ocrx_word' id='word_1_248' title='bbox 212 3469 302 3529; x_wconf 83' lang='lat' dir='ltr'><strong>molto</strong></span> <span class='ocrx_word' id='word_1_249' title='bbox 331 3470 435 3548; x_wconf 81' lang='lat' dir='ltr'><strong>labore,</strong></span> <span class='ocrx_word' id='word_1_250' title='bbox 467 3470 629 3547; x_wconf 73' lang='lat' dir='ltr'><strong>torpentibus</strong></span> <span class='ocrx_word' id='word_1_251' title='bbox 656 3469 797 3529; x_wconf 79' lang='lat' dir='ltr'><strong>sumtibus</strong></span> <span class='ocrx_word' id='word_1_252' title='bbox 821 3470 968 3529; x_wconf 76' lang='lat' dir='ltr'><strong>amicitias</strong></span> <span class='ocrx_word' id='word_1_253' title='bbox 996 3468 1053 3528; x_wconf 88' lang='lat' dir='ltr'><strong>sibi</strong></span> <span class='ocrx_word' id='word_1_254' title='bbox 1081 3472 1298 3546; x_wconf 79' lang='lat' dir='ltr'><strong>comparasse.&#39;&#39;</strong></span> 
     </span>
     <span class='ocr_line' id='line_1_29' title="bbox 213 3571 1297 3650; baseline -0.003 -16"><span class='ocrx_word' id='word_1_255' title='bbox 213 3573 254 3634; x_wconf 89' lang='lat' dir='ltr'><strong>Ut</strong></span> <span class='ocrx_word' id='word_1_256' title='bbox 274 3572 400 3650; x_wconf 91' lang='lat' dir='ltr'><strong>primum</strong></span> <span class='ocrx_word' id='word_1_257' title='bbox 420 3572 459 3632; x_wconf 93' lang='lat' dir='ltr'><strong>ad</strong></span> <span class='ocrx_word' id='word_1_258' title='bbox 480 3572 554 3633; x_wconf 85' lang='lat' dir='ltr'><strong>haee</strong></span> <span class='ocrx_word' id='word_1_259' title='bbox 568 3572 809 3650; x_wconf 85' lang='lat' dir='ltr'><strong>respondeamus,</strong></span> <span class='ocrx_word' id='word_1_260' title='bbox 831 3588 1034 3648; x_wconf 78' lang='lat' dir='ltr'><strong>comparemus</strong></span> <span class='ocrx_word' id='word_1_261' title='bbox 1061 3571 1183 3630; x_wconf 80' lang='lat' dir='ltr'><strong>Sallust.</strong></span> <span class='ocrx_word' id='word_1_262' title='bbox 1198 3591 1223 3632; x_wconf 91' lang='lat' dir='ltr'><strong>o.</strong></span> <span class='ocrx_word' id='word_1_263' title='bbox 1239 3577 1297 3633; x_wconf 85' lang='lat'><strong>14:</strong></span> 
     </span>
     <span class='ocr_line' id='line_1_30' title="bbox 214 3674 1297 3753; baseline 0 -17"><span class='ocrx_word' id='word_1_264' title='bbox 214 3679 267 3751; x_wconf 83' lang='lat' dir='ltr'><strong>,In</strong></span> <span class='ocrx_word' id='word_1_265' title='bbox 284 3682 369 3737; x_wconf 89' lang='lat' dir='ltr'><strong>tanta</strong></span> <span class='ocrx_word' id='word_1_266' title='bbox 389 3681 508 3752; x_wconf 89' lang='lat' dir='ltr'><strong>tamque</strong></span> <span class='ocrx_word' id='word_1_267' title='bbox 530 3680 666 3751; x_wconf 80' lang='lat' dir='ltr'><strong>corrupta</strong></span> <span class='ocrx_word' id='word_1_268' title='bbox 683 3676 804 3735; x_wconf 77' lang='lat' dir='ltr'><strong>civitate</strong></span> <span class='ocrx_word' id='word_1_269' title='bbox 832 3674 971 3752; x_wconf 79' lang='lat' dir='ltr'><strong>Catilina,</strong></span> <span class='ocrx_word' id='word_1_270' title='bbox 992 3675 1023 3733; x_wconf 93' lang='lat' dir='ltr'><strong>id</strong></span> <span class='ocrx_word' id='word_1_271' title='bbox 1048 3676 1126 3751; x_wconf 90' lang='lat' dir='ltr'><strong>qnod</strong></span> <span class='ocrx_word' id='word_1_272' title='bbox 1147 3675 1229 3751; x_wconf 79' lang='lat' dir='ltr'><strong>forto</strong></span> <span class='ocrx_word' id='word_1_273' title='bbox 1249 3677 1297 3753; x_wconf 80' lang='lat' dir='ltr'><strong>fo-</strong></span> 
     </span>
     <span class='ocr_line' id='line_1_31' title="bbox 213 3778 1296 3860; baseline 0.002 -21"><span class='ocrx_word' id='word_1_274' title='bbox 213 3781 353 3840; x_wconf 78' lang='lat' dir='ltr'><strong>oillirauor</strong></span> <span class='ocrx_word' id='word_1_275' title='bbox 374 3787 446 3858; x_wconf 89' lang='lat' dir='ltr'><strong>erat,</strong></span> <span class='ocrx_word' id='word_1_276' title='bbox 468 3781 597 3839; x_wconf 89' lang='lat' dir='ltr'><strong>omnium</strong></span> <span class='ocrx_word' id='word_1_277' title='bbox 618 3778 795 3854; x_wconf 80' lang='lat' dir='ltr'><strong>flagitiorum</strong></span> <span class='ocrx_word' id='word_1_278' title='bbox 806 3783 895 3856; x_wconf 89' lang='lat' dir='ltr'><strong>atque</strong></span> <span class='ocrx_word' id='word_1_279' title='bbox 915 3779 1077 3839; x_wconf 82' lang='lat' dir='ltr'><strong>facinorum</strong></span> <span class='ocrx_word' id='word_1_280' title='bbox 1087 3780 1165 3840; x_wconf 85' lang='lat' dir='ltr'><strong>eirea</strong></span> <span class='ocrx_word' id='word_1_281' title='bbox 1180 3799 1221 3860; x_wconf 90' lang='lat' dir='ltr'><strong>se,</strong></span> <span class='ocrx_word' id='word_1_282' title='bbox 1232 3787 1296 3841; x_wconf 89' lang='lat' dir='ltr'><strong>tan-</strong></span> 
     </span>
     <span class='ocr_line' id='line_1_32' title="bbox 213 3880 1295 3961; baseline -0.001 -18"><span class='ocrx_word' id='word_1_283' title='bbox 213 3902 302 3961; x_wconf 87' lang='lat' dir='ltr'><strong>quam</strong></span> <span class='ocrx_word' id='word_1_284' title='bbox 320 3885 503 3960; x_wconf 88' lang='lat' dir='ltr'><strong>stipatorum,</strong></span> <span class='ocrx_word' id='word_1_285' title='bbox 535 3887 669 3942; x_wconf 79' lang='lat' dir='ltr'><strong>catervas</strong></span> <span class='ocrx_word' id='word_1_286' title='bbox 701 3880 839 3941; x_wconf 90' lang='lat' dir='ltr'><strong>habebat.</strong></span> <span class='ocrx_word' id='word_1_287' title='bbox 882 3882 961 3941; x_wconf 88' lang='lat' dir='ltr'><strong>Nam</strong></span> <span class='ocrx_word' id='word_1_288' title='bbox 985 3882 1152 3958; x_wconf 81' lang='lat' dir='ltr'><strong>quicunque</strong></span> <span class='ocrx_word' id='word_1_289' title='bbox 1170 3883 1295 3959; x_wconf 91' lang='lat' dir='ltr'><strong>impudi-</strong></span> 
     </span>
     <span class='ocr_line' id='line_1_33' title="bbox 213 3985 1296 4063; baseline 0 -18"><span class='ocrx_word' id='word_1_290' title='bbox 213 4002 274 4062; x_wconf 84' lang='lat' dir='ltr'><strong>cus,</strong></span> <span class='ocrx_word' id='word_1_291' title='bbox 305 3985 422 4044; x_wconf 89' lang='lat' dir='ltr'><strong>adulter</strong></span> <span class='ocrx_word' id='word_1_292' title='bbox 445 3989 501 4044; x_wconf 87' lang='lat' dir='ltr'><strong>oet.</strong></span> <span class='ocrx_word' id='word_1_293' title='bbox 523 4016 563 4026; x_wconf 92' lang='lat'><strong>—-</strong></span> <span class='ocrx_word' id='word_1_294' title='bbox 583 3988 729 4061; x_wconf 90' lang='lat' dir='ltr'><strong>postremo</strong></span> <span class='ocrx_word' id='word_1_295' title='bbox 758 4001 867 4060; x_wconf 89' lang='lat' dir='ltr'><strong>omnes,</strong></span> <span class='ocrx_word' id='word_1_296' title='bbox 900 4002 973 4060; x_wconf 90' lang='lat' dir='ltr'><strong>qnos</strong></span> <span class='ocrx_word' id='word_1_297' title='bbox 992 3985 1147 4061; x_wconf 86' lang='lat' dir='ltr'><strong>flagitium,</strong></span> <span class='ocrx_word' id='word_1_298' title='bbox 1169 3993 1296 4063; x_wconf 84' lang='lat' dir='ltr'><strong>egestas,</strong></span> 
     </span>
     <span class='ocr_line' id='line_1_34' title="bbox 213 4085 1297 4165; baseline -0.001 -18"><span class='ocrx_word' id='word_1_299' title='bbox 213 4088 348 4148; x_wconf 81' lang='lat' dir='ltr'><strong>conscius</strong></span> <span class='ocrx_word' id='word_1_300' title='bbox 367 4088 483 4147; x_wconf 91' lang='lat' dir='ltr'><strong>animus</strong></span> <span class='ocrx_word' id='word_1_301' title='bbox 504 4088 685 4164; x_wconf 83' lang='lat' dir='ltr'><strong>exagitabat,</strong></span> <span class='ocrx_word' id='word_1_302' title='bbox 716 4085 748 4145; x_wconf 93' lang='lat' dir='ltr'><strong>hi</strong></span> <span class='ocrx_word' id='word_1_303' title='bbox 768 4086 916 4146; x_wconf 74' lang='lat' dir='ltr'><strong>Catilinae</strong></span> <span class='ocrx_word' id='word_1_304' title='bbox 934 4089 1060 4165; x_wconf 84' lang='lat' dir='ltr'><strong>proximi</strong></span> <span class='ocrx_word' id='word_1_305' title='bbox 1077 4088 1297 4164; x_wconf 84' lang='lat' dir='ltr'><strong>familiaresque</strong></span> 
     </span>
     <span class='ocr_line' id='line_1_35' title="bbox 213 4189 1295 4268; baseline -0.005 -16"><span class='ocrx_word' id='word_1_306' title='bbox 213 4192 326 4253; x_wconf 86' lang='lat' dir='ltr'><strong>erant.&#39;&#39;</strong></span> <span class='ocrx_word' id='word_1_307' title='bbox 348 4193 410 4251; x_wconf 88' lang='lat' dir='ltr'><strong>Hos</strong></span> <span class='ocrx_word' id='word_1_308' title='bbox 432 4209 532 4251; x_wconf 88' lang='lat' dir='ltr'><strong>omnes</strong></span> <span class='ocrx_word' id='word_1_309' title='bbox 550 4192 641 4265; x_wconf 83' lang='lat' dir='ltr'><strong>igitur</strong></span> <span class='ocrx_word' id='word_1_310' title='bbox 659 4191 722 4250; x_wconf 88' lang='lat' dir='ltr'><strong>sine</strong></span> <span class='ocrx_word' id='word_1_311' title='bbox 744 4189 832 4248; x_wconf 78' lang='lat' dir='ltr'><strong>multo</strong></span> <span class='ocrx_word' id='word_1_312' title='bbox 855 4189 952 4249; x_wconf 82' lang='lat' dir='ltr'><strong>labore</strong></span> <span class='ocrx_word' id='word_1_313' title='bbox 968 4191 1017 4250; x_wconf 89' lang='lat' dir='ltr'><strong>vel</strong></span> <span class='ocrx_word' id='word_1_314' title='bbox 1038 4191 1200 4268; x_wconf 64' lang='lat' dir='ltr'><strong>tepentibus</strong></span> <span class='ocrx_word' id='word_1_315' title='bbox 1222 4209 1295 4248; x_wconf 76' lang='lat' dir='ltr'><strong>rrim-</strong></span> 
     </span>
     <span class='ocr_line' id='line_1_36' title="bbox 214 4294 1298 4373; baseline -0.002 -19"><span class='ocrx_word' id='word_1_316' title='bbox 214 4297 288 4357; x_wconf 82' lang='lat' dir='ltr'><strong>tibos</strong></span> <span class='ocrx_word' id='word_1_317' title='bbox 307 4298 415 4358; x_wconf 86' lang='lat' dir='ltr'><strong>amieos</strong></span> <span class='ocrx_word' id='word_1_318' title='bbox 438 4297 495 4356; x_wconf 88' lang='lat' dir='ltr'><strong>sibi</strong></span> <span class='ocrx_word' id='word_1_319' title='bbox 527 4313 712 4373; x_wconf 80' lang='lat' dir='ltr'><strong>comparasse</strong></span> <span class='ocrx_word' id='word_1_320' title='bbox 732 4295 893 4354; x_wconf 74' lang='lat' dir='ltr'><strong>Catilinam</strong></span> <span class='ocrx_word' id='word_1_321' title='bbox 917 4294 1060 4373; x_wconf 89' lang='lat' dir='ltr'><strong>videmus,</strong></span> <span class='ocrx_word' id='word_1_322' title='bbox 1081 4313 1171 4371; x_wconf 90' lang='lat' dir='ltr'><strong>quum</strong></span> <span class='ocrx_word' id='word_1_323' title='bbox 1191 4295 1240 4353; x_wconf 91' lang='lat' dir='ltr'><strong>vel</strong></span> <span class='ocrx_word' id='word_1_324' title='bbox 1261 4295 1298 4353; x_wconf 93' lang='lat' dir='ltr'><strong>ob</strong></span> 
     </span>
    </p>
   </div>
   <div class='ocr_carea' id='block_1_6' title="bbox 217 4397 1298 4560">
    <p class='ocr_par' dir='ltr' id='par_1_6' title="bbox 217 4397 1298 4560">
     <span class='ocr_line' id='line_1_37' title="bbox 217 4397 1298 4481; baseline -0.006 -19"><span class='ocrx_word' id='word_1_325' title='bbox 217 4417 330 4463; x_wconf 88' lang='lat' dir='ltr'><strong>morum</strong></span> <span class='ocrx_word' id='word_1_326' title='bbox 341 4401 573 4481; x_wconf 86' lang='lat' dir='ltr'><strong>similitudinem,</strong></span> <span class='ocrx_word' id='word_1_327' title='bbox 595 4401 644 4463; x_wconf 87' lang='lat' dir='ltr'><strong>vel</strong></span> <span class='ocrx_word' id='word_1_328' title='bbox 655 4399 759 4462; x_wconf 88' lang='lat' dir='ltr'><strong>iisdem</strong></span> <span class='ocrx_word' id='word_1_329' title='bbox 774 4397 1001 4461; x_wconf 82' lang='lat' dir='ltr'><strong>necessitatibus</strong></span> <span class='ocrx_word' id='word_1_330' title='bbox 1011 4399 1202 4460; x_wconf 78' lang='lat' dir='ltr'><strong>circumventi</strong></span> <span class='ocrx_word' id='word_1_331' title='bbox 1213 4415 1298 4476; x_wconf 89' lang='lat' dir='ltr'><strong>spon-</strong></span> 
     </span>
     <span class='ocr_line' id='line_1_38' title="bbox 1161 4503 1179 4560; baseline 0 0"><span class='ocrx_word' id='word_1_332' title='bbox 1161 4503 1179 4560; x_wconf 85' lang='lat'><strong>5</strong></span> 
     </span>
    </p>
   </div>
   <div class='ocr_carea' id='block_1_7' title="bbox 0 0 1556 5192">
    <p class='ocr_par' dir='ltr' id='par_1_7' title="bbox 0 0 1556 5192">
     <span class='ocr_line' id='line_1_39' title="bbox 0 0 1556 5192; baseline 0 0"><span class='ocrx_word' id='word_1_333' title='bbox 0 0 1556 5192; x_wconf 95' lang='lat' dir='ltr'><strong> </strong></span> 
     </span>
    </p>
   </div>
  </div>
 </body>
</html>
