3086 5192
748 469 783 524 11

266 628 323 689 itio
350 629 437 688 isiciis
461 627 590 706 eutipuu.
613 624 779 704 ,Antiquus
800 624 957 702 opponitur
972 640 1058 699 novo,
1078 626 1165 683 vetus
1180 619 1307 695 recenti3

226 746 304 809 quae
323 729 375 791 diu
395 734 465 791 unte
487 729 567 790 faeta
587 732 665 808 umt,
685 733 789 789 vetera
802 726 940 787 dicuntur
959 757 999 769 -
1019 743 1075 785 nec
1095 729 1149 803 est,
1170 723 1249 801 quod
1269 721 1307 780 de

226 832 325 892 Ahala
345 833 426 894 dicat
446 831 533 893 uiuis
554 830 702 909 aarum?
725 831 762 890 R.
782 860 824 874 ·—
841 831 884 891 Ut
893 834 999 887 ueteres
1009 828 1137 889 Romani
1146 825 1308 903 hodiernis,

225 936 271 996 sic
301 936 415 1015 uutipui
441 934 614 1013 posterioris
646 934 713 994 aevi
741 933 884 993 Romanis
912 936 1110 1010 opponuntur:
1138 930 1199 991 (iic.
1221 928 1307 988 Lael.

227 1055 252 1098 e.
274 1040 310 1098 4:
334 1038 425 1113 ,Plus
445 1037 526 1116 apud
545 1054 593 1097 me
614 1036 798 1114 uutiqucruus
813 1035 975 1096 auctoritas
996 1033 1106 1095 valet.’'
1147 1033 1213 1094 Get.
1235 1031 1307 1090 Mai.

226 1157 252 1202 u.
271 1140 307 1199 8:
331 1140 510 1214 ,Discebant
531 1138 611 1199 enim
629 1138 738 1198 fidibus
752 1137 894 1216 uictipui.''
916 1138 998 1198 Brut.
1020 1137 1116 1215 XXX,
1130 1137 1204 1195 116:
1229 1135 1307 1209 ,Ha-

226 1241 330 1301 bemus
360 1241 393 1301 in
420 1240 527 1302 Stoicis
559 1241 723 1302 oratoribus
750 1241 905 1319 Rutilium,
937 1239 1081 1300 Scaurum
1101 1241 1134 1298 iu
1151 1235 1307 1316 cutipuis.''

226 1344 265 1405 de
282 1344 356 1418 Leg.
377 1345 402 1421 I,
424 1347 472 1422 21,
494 1344 548 1403 55:
592 1343 697 1419 ,Quod
717 1343 808 1403 decus
828 1341 941 1420 antiqui
958 1359 1103 1403 summum
1112 1343 1221 1402 bonum
1242 1356 1309 1399 esse

227 1446 395 1517 dixerunt.''
435 1447 515 1507 Tum
545 1447 636 1507 etiam
663 1462 740 1523 quae
770 1450 841 1505 ante
868 1444 948 1505 facto
968 1449 1046 1523 sunt,
1067 1443 1188 1521 uutipuu
1204 1442 1308 1502 dicuu-

227 1554 276 1610 tur
306 1566 360 1628 pro
383 1549 485 1610 Rabir.
507 1552 535 1626 9,
556 1548 615 1607 25:
658 1547 803 1620 „Causam
820 1546 977 1624 suscepisti
995 1545 1185 1623 antiquiorem
1201 1558 1309 1602 memo-

228 1654 274 1714 ria
304 1657 370 1714 tua:
402 1671 480 1730 quae
511 1669 601 1713 causa
632 1655 701 1711 ante
718 1656 834 1711 manua
851 1656 907 1729 est,
928 1668 1017 1727 quam
1037 1655 1071 1709 tu
1091 1653 1180 1709 natus
1198 1645 1308 1707 esses.'’

228 1758 260 1817 in
291 1758 375 1817 Verr.
407 1758 432 1835 I,
462 1760 488 1835 7,
520 1759 574 1816 14:
619 1756 718 1830 ,Deus
744 1755 855 1815 affabre
876 1759 966 1832 atque
987 1753 1105 1833 uotique
1125 1751 1250 1813 artificio
1266 1750 1309 1810 fu·

227 1857 323 1920 ctus.''
344 1858 451 1918 Livius
464 1859 489 1937 I,
511 1861 566 1917 24:
590 1858 669 1932 ,Res
686 1856 836 1936 outipuo,'²
858 1862 889 1917 et
910 1858 953 1917 sic
973 1874 1073 1936 saepe.
1114 1856 1189 1917 Erat
1209 1855 1309 1932 igitur,

228 1958 306 2035 quoii
328 1965 425 2019 orator
445 1959 482 2019 de
502 1958 602 2029 Ahala
622 1958 734 2020 diceret
750 1957 839 2018 uiuis
856 1958 985 2037 uutipuu.
1003 1958 1048 2019 cf.
1066 1959 1100 2018 B.

269 2169 430 2230 acrioribus
457 2170 617 2247 suppliciis.
660 2169 862 2247 ,Supplicium
892 2170 1005 2230 indicat
1035 2186 1140 2247 uocem,
1164 2167 1312 2245 supplicia

229 2280 332 2336 centra
351 2272 521 2349 significant
541 2274 694 2354 eruemus,
715 2275 767 2351 qui
787 2273 983 2352 perferuntur,
1003 2291 1063 2333 non
1083 2275 1179 2351 ipsam
1200 2287 1311 2350 necem,

230 2377 292 2439 cic.
313 2378 351 2439 dc
371 2379 444 2439 offic.
466 2379 522 2457 ΙΙΙ,
544 2382 583 2440 27
604 2381 625 2457 5
649 2379 737 2440 100.'’
758 2379 975 2440 R.-Dicitur
994 2379 1024 2439 h.
1036 2381 1056 2440 l.
1067 2377 1311 2455 Regulusadcu·

231 2480 338 2560 quisito
362 2481 507 2559 supplicio
537 2480 692 2560 proficisci,
723 2482 831 2560 quibus
861 2485 970 2562 tamen,
991 2482 1070 2559 quod
1089 2483 1127 2542 R.
1148 2499 1208 2542 non
1228 2481 1311 2556 iguo·

229 2590 285 2663 rat,
305 2584 399 2647 fertur
415 2586 467 2645 illc
488 2590 606 2645 uocatus
627 2602 695 2644 esse.
707 2584 871 2646 sedulium
890 2587 1312 2664 Ciceronislccumappcuam,

228 2688 308 2748 unde
340 2689 465 2749 alterum
497 2691 588 2750 etiam
614 2694 725 2750 temere
755 2691 794 2751 ab
821 2707 856 2750 ec
876 2691 987 2752 dictum
1008 2709 1074 2752 esse
1096 2691 1260 2770 apparebit,
1279 2690 1313 2752 in

229 2791 331 2850 Pison.
363 2808 388 2849 e.
421 2793 468 2868 19,
500 2791 520 2868 ξ
554 2794 609 2850 43:
654 2793 736 2865 ,Nec
756 2792 830 2852 mihi
852 2792 903 2852 ille
923 2794 963 2851 M.
979 2794 1123 2871 Regulus,
1144 2810 1231 2870 quem
1241 2790 1312 2852 Oar-

229 2891 435 2967 thaginienses
454 2891 578 2951 resectis
597 2891 758 2968 palpebris,
778 2894 926 2967 illigatum
943 2895 974 2952 in
994 2895 1140 2974 machina,
1160 2894 1316 2970 vigilando

229 2998 419 3075 necaverunt,
450 2994 591 3073 supplicio
623 2994 741 3056 videtur
768 2997 905 3075 affectus3
937 3013 993 3056 nec
1022 2998 1055 3057 O.
1082 2999 1204 3076 Marius,
1225 3016 1314 3074 quem

229 3099 320 3161 Italia
345 3103 464 3160 servata
495 3098 533 3158 ab
564 3098 617 3157 illo
637 3133 678 3143 -
698 3099 854 3177 expulsum
872 3104 903 3159 ct
919 3098 1094 3175 naufragum
1114 3100 1199 3159 vidit.
1240 3100 1313 3160 For·

230 3207 322 3263 tunae
353 3203 432 3262 enim
462 3202 522 3261 ista
551 3201 614 3262 tela
635 3206 713 3280 sunt,
734 3220 794 3263 nou
814 3203 932 3282 culpaa3
955 3202 1129 3279 supplicium
1148 3208 1248 3264 autem
1266 3208 1315 3263 est

229 3320 324 3381 poeue
349 3302 488 3379 peceati.’'
530 3302 644 3363 Eadem
666 3305 814 3366 sententia
831 3305 922 3366 etiam
942 3305 974 3366 in
991 3305 1049 3368 fine
1066 3307 1155 3370 huius
1172 3306 1314 3370 orationis

231 3407 340 3469 dicitur
356 3406 482 3467 cateruis
499 3401 660 3484 suppliciis.

273 3616 381 3677 hostem
412 3621 580 3677 cciocueut.
624 3618 744 3692 „Hostis
775 3635 834 3677 non
865 3621 1024 3696 coercetur,
1045 3619 1099 3680 sed
1118 3619 1247 3680 vincitur
1265 3622 1316 3682 vel

232 3720 417 3799 superatur.'’
449 3722 486 3781 R.
507 3751 549 3763 ··—
569 3720 617 3779 Ne
634 3736 702 3779 cum
718 3720 822 3780 Bootio
838 3720 944 3780 uictum
962 3721 1069 3782 testem
1087 3724 1224 3803 cogitem,
1243 3722 1316 3787 fucit

234 3824 405 3883 adiunctum
425 3821 649 3882 acutissimum.
689 3820 750 3882 Sed
769 3840 824 3900 per
847 3840 980 3904 zeugma,
1000 3831 1034 3887 ut
1048 3827 1176 3906 saepius,
1196 3827 1317 3889 diversa

236 3927 353 3988 obiecta
372 3927 520 3987 communi
538 3926 628 3987 verbo
645 3927 816 4003 iunguntur.
856 3926 907 3988 Sic
927 3946 953 3989 e.
970 3948 1015 4005 gr.
1036 3930 1134 3991 Tacit.
1145 3931 1316 4010 Aglaoap.

234 4034 264 4110 4,
296 4033 344 4092 19:
390 4032 472 4106 ,Nec
497 4048 592 4108 poeuo
612 4048 736 4110 semper,
757 4031 811 4092 sed
830 4033 950 4111 saepius
967 4034 1145 4112 poeniteutiu
1160 4040 1317 4098 contentus

235 4135 331 4197 csse.''
374 4137 476 4213 Nepos
496 4134 593 4196 Alcib.
614 4138 643 4213 3,
664 4137 703 4195 uz
747 4137 833 4211 ,Non
849 4139 944 4199 solum
965 4157 1043 4217 spero
1062 4140 1094 4200 iu
1111 4157 1146 4201 ec
1165 4139 1318 4202 habebant

234 4243 403 4321 maximam,
434 4240 488 4302 sed
520 4241 611 4302 etiam
643 4240 801 4302 timorem.''
840 4242 933 4305 (iuius
952 4245 996 4305 rei
1023 4246 1168 4325 exempla,
1195 4245 1222 4308 si
1242 4260 1316 4324 opus

235 4349 322 4419 esset,
341 4345 468 4423 plurimu
485 4349 606 4423 possent
627 4345 734 4420 colligi.
