3086 5192
738 452 775 510 31

211 610 318 669 irratio
346 615 433 687 esset,
461 610 591 669 Catilina
622 610 730 671 fuisset
750 608 932 689 interfectus,
953 610 992 669 ad
1017 616 1134 690 tempus
1166 606 1295 688 quievis-
1414 610 1416 614 ’

211 719 278 774 sent
302 715 431 794 quidem3
459 714 521 793 sed,
550 715 609 774 nisi
638 733 729 790 grave
751 715 918 792 exemplum
939 720 1127 795 statueretur,
1148 733 1218 775 mox
1235 717 1296 775 alio

210 817 284 878 duce
308 819 399 877 aliam
416 816 513 878 denuo
531 818 763 878 coniurationem
787 817 912 878 fortasse
944 817 1093 890 fecissent,
1114 836 1204 892 quum
1221 817 1294 877 resi-

210 922 294 983 deret
310 922 342 981 in
358 940 391 982 re
412 923 532 1000 publica
549 922 639 999 stirps
657 940 693 981 ac
714 939 816 981 semen
835 920 987 980 malorum.
1009 921 1147 982 Ceterum
1167 939 1227 981 non
1248 937 1295 980 as·

209 1028 321 1087 sentior
344 1026 522 1087 Ruhnkenio
555 1026 667 1087 delenti
695 1025 818 1104 reliquo,
849 1025 927 1102 quod
954 1026 1004 1086 hic
1025 1043 1120 1103 aeque
1139 1027 1296 1104 opponitur

210 1128 452 1190 antecedentibus
484 1128 510 1187 si
541 1133 567 1186 te
594 1127 720 1206 interfici
747 1127 864 1204 iussero,
897 1146 932 1187 ac
965 1128 985 1205 ξ
1017 1130 1065 1187 31.
1084 1128 1154 1188 riuis
1174 1127 1296 1207 reliquis

210 1232 310 1292 verbis
328 1231 413 1291 istius
430 1248 533 1308 poeno.

251 1439 441 1499 sabaarictur
472 1472 512 1482 —
543 1439 657 1497 crastiua
677 1438 800 1515 reipubl.
844 1437 986 1512 „Sentius
1007 1413 1053 1499 est
1069 1439 1178 1498 fundus
1199 1440 1295 1514 navis,

210 1562 269 1621 quo
286 1549 405 1620 aquaet
416 1543 518 1604 sordes
530 1542 709 1603 confluunt.’'
731 1545 767 1603 R.
789 1575 829 1585 -
849 1543 951 1601 Prima
960 1542 1049 1602 huius
1059 1544 1197 1603 vocabuli
1215 1544 1296 1602 notio

211 1653 265 1727 est,
287 1665 372 1707 omne
393 1647 472 1724 quod
490 1647 584 1725 foetet,
613 1647 719 1724 sordeo,
748 1651 864 1725 stercus,
896 1665 931 1706 ac
957 1648 1116 1724 praecipue
1134 1648 1243 1708 dicitur
1260 1648 1297 1708 de

210 1753 249 1813 iis
266 1753 417 1831 sordibus,
439 1769 515 1829 quae
537 1753 568 1811 in
588 1751 712 1810 fundum
729 1752 816 1811 navis
837 1751 996 1830 confluunt,
1018 1753 1294 1829 aquamariuacor·

211 1859 398 1936 ruptariis,
420 1856 456 1916 of.
468 1855 585 1915 Plinius
606 1856 644 1914 H.
666 1856 705 1915 N.
727 1856 765 1934 X,
782 1856 829 1933 70,
851 1857 899 1915 90.
921 1854 1035 1915 Seneca
1057 1856 1154 1933 Epist.
1177 1857 1225 1915 30.
1247 1856 1296 1914 Iu-

210 1961 327 2021 venalis
355 1960 418 2020 Sat.
437 1959 490 2038 VI,
513 1961 561 2018 90.
583 1958 645 2017 alii.
672 1957 788 2018 Deinde
810 1958 900 2017 etiam
921 1957 1030 2017 iumdus
1051 1959 1137 2017 navis
1151 1958 1298 2018 interdum

212 2062 326 2121 scutiae
342 2063 402 2121 dici
413 2060 549 2122 videturr
570 2060 820 2136 quamquamloco
831 2059 1031 2121 aRinkesioe
1049 2060 1114 2120 Cat.
1126 2061 1197 2120 Mai.
1205 2062 1297 2124 allato

213 2165 251 2244 (c.
264 2168 291 2242 6,
304 2165 324 2242 ξ
338 2163 389 2242 17)
399 2164 499 2241 potius
510 2163 547 2223 de
558 2163 693 2224 sordibus
704 2164 777 2240 ipsis
795 2163 999 2240 accipiendum
1021 2182 1086 2224 esse
1106 2165 1212 2224 suadet
1232 2183 1297 2226 ver·

212 2269 282 2328 bum
293 2267 462 2336 sabaarim
473 2285 622 2345 quumque
632 2268 747 2327 duobus
755 2268 832 2346 aliis,
844 2285 917 2344 quos
928 2268 1048 2346 confert,
1063 2268 1136 2328 locis
1146 2270 1297 2330 translati-

212 2391 268 2434 one
285 2373 399 2432 rcuttau
418 2376 584 2451 usurpetur,
606 2391 665 2432 non
676 2376 740 2433 erat
750 2373 829 2449 quod
839 2376 901 2433 tarn
911 2373 1091 2434 confidenter
1101 2374 1208 2434 iterum
1218 2374 1296 2436 dice-

213 2483 267 2539 ret:
311 2476 453 2552 „sentina
480 2478 572 2551 igitur
598 2476 681 2537 locus
712 2481 766 2553 est,
788 2495 858 2554 pars
878 2478 994 2537 navis.”
1036 2479 1094 2538 Illa
1111 2481 1189 2539 enim
1206 2481 1297 2555 signi·

212 2581 311 2642 ficatio
331 2585 412 2641 certa
433 2585 479 2641 est
499 2585 588 2656 atquc
607 2581 723 2640 abunde
742 2581 886 2658 exemplis
900 2580 1065 2641 confirmari
1092 2587 1200 2662 potest,
1221 2584 1299 2645 hanc

213 2684 272 2743 nisi
303 2684 423 2743 meliore
454 2682 589 2759 exemplo
619 2684 798 2762 probaverit,
826 2702 865 2743 ex
896 2685 1040 2744 eiusmodi
1061 2686 1134 2746 locis
1155 2688 1298 2749 conficere

212 2787 292 2864 licet,
312 2803 372 2845 non
388 2790 468 2845 certo
486 2787 639 2863 affirmare,
660 2787 753 2845 multo
773 2788 870 2845 minus
892 2793 1098 2862 argumentum
1115 2790 1184 2849 iude
1195 2797 1297 2868 petere

212 2891 251 2952 ad
278 2909 379 2952 veram
410 2889 655 2963 significationem
685 2890 918 2949 obscurandam:
951 2893 1149 2969 sophistarum
1181 2914 1218 2955 ea
1243 2903 1298 2975 est,

211 3014 272 3059 non
302 2995 453 3056 Socratica
485 2994 657 3072 disputandi
678 2995 763 3053 ratio.
805 2996 878 3055 Post
898 2995 975 3055 hanc
996 2996 1195 3058 inductionem
1215 2999 1298 3059 deni·

212 3117 288 3177 que,
310 3099 397 3176 quasi
412 3098 472 3157 iam
492 3097 530 3157 de
547 3097 673 3157 veritate
690 3114 776 3156 nemo
794 3097 918 3175 dubitet,
940 3098 1112 3173 indignatus
1141 3104 1297 3165 exclamat:

214 3204 304 3281 ,quid
325 3220 396 3263 vero
417 3220 484 3261 esse
504 3205 602 3278 potest
622 3200 877 3277 repeterentur
898 3218 1006 3277 tropas
1027 3209 1054 3262 et
1070 3205 1238 3281 peruiciosa
1256 3241 1297 3253 -

212 3324 285 3385 qaue
302 3304 491 3364 exhaurietur
503 3304 539 3362 ?''
581 3303 773 3380 Respondeat
792 3322 846 3380 pro
866 3304 952 3363 nobis
969 3304 1030 3365 Oic.
1052 3307 1089 3366 de
1112 3308 1169 3384 leg.
1198 3328 1295 3385 agrar.

211 3412 252 3489 II,
274 3413 322 3488 26,
346 3412 393 3470 uo.
417 3409 586 3483 ,Urbanam
605 3409 723 3485 plebem
743 3409 867 3468 nimium
888 3411 920 3468 in
940 3427 973 3469 re
991 3411 1111 3487 publica
1120 3431 1225 3490 posse:
1248 3434 1296 3475 ea·

213 3514 405 3575 baamcadam
436 3531 521 3574 esse:
550 3512 607 3573 hoc
631 3514 710 3573 enim
740 3512 831 3571 verbo
860 3517 906 3572 est
934 3530 1014 3587 usus,
1033 3515 1119 3596 quasi
1137 3516 1176 3577 de
1196 3520 1298 3595 aliqua

213 3618 335 3696 reatino,
356 3634 391 3677 ac
412 3615 525 3676 nonde
547 3614 724 3692 optimormn
744 3631 853 3688 genere
868 3613 978 3672 civium
998 3617 1195 3694 loqueretur.''
1227 3622 1295 3681 Val.

211 3721 291 3782 Max.
319 3721 359 3797 ΙΙ,
390 3722 466 3796 7,1;
509 3717 591 3790 ,Hac
622 3716 702 3793 tmpi
727 3720 816 3792 atque
838 3715 1039 3807 erubescenda
1056 3720 1170 3780 scutica
1189 3740 1296 3784 vacue·
1322 3698 1330 3709 ⁰

212 3825 308 3885 factus
339 3827 439 3882 noster
466 3821 642 3881 exercitus''.
675 3821 721 3880 cff.
754 3821 844 3880 etiam
874 3819 936 3880 uic.
965 3820 1028 3881 Act.
1049 3823 1073 3902 I,
1096 3828 1143 3904 19,
1164 3829 1192 3886 4.
1215 3827 1297 3890 Orat.

213 3927 408 4005 uat.111,4,
442 3929 468 3986 7.
491 3925 558 3983 Liv.
579 3924 682 3983 XXIV
701 3927 748 4003 29,
771 3927 799 3984 3.
825 3924 886 3984 alii.
929 3925 1072 3986 Videmus
1097 3928 1189 4004 igitur
1206 3935 1297 3993 etiam

212 4031 371 4106 allegorice
392 4028 517 4106 primam
527 4027 616 4086 huius
630 4027 767 4087 vocabuli
779 4026 1024 4102 significationem
1034 4031 1162 4090 maxime
1173 4036 1296 4095 servari:

212 4153 391 4215 quamquam
413 4151 451 4192 ex
471 4133 545 4191 locis
576 4150 595 4190 a
622 4132 659 4190 R.
688 4131 790 4191 allatis
813 4130 886 4210 (oie.
909 4132 948 4191 ad
968 4133 1053 4192 Fam.
1076 4135 1129 4213 IX,
1153 4136 1201 4216 15,
1219 4140 1248 4198 3.
1266 4144 1298 4201 et

213 4240 335 4302 Sallust.
354 4256 379 4298 c.
401 4235 465 4315 37.)
485 4235 611 4297 fortasse
632 4252 670 4294 ex
691 4235 768 4314 aliis,
791 4234 938 4296 interdum
958 4235 1015 4296 hoc
1034 4239 1177 4299 vocabulo
1200 4241 1297 4302 locum

213 4344 338 4408 indicari
352 4348 484 4421 apparet,
496 4357 555 4418 quo
573 4339 676 4403 sordes
694 4345 725 4406 et
744 4338 814 4401 faex
835 4340 944 4403 civium
962 4342 1048 4419 quusi
1059 4342 1227 4424 confluunt,
1248 4349 1298 4408 vel
