3086 5192
789 495 827 552 93

265 655 371 728 mente,
392 648 515 713 consilio
533 656 633 713 nostro
653 650 715 712 fit.”
737 651 774 711 R.
796 683 835 694 —
866 649 934 710 Nisi
958 650 1108 709 commixti
1135 648 1233 709 adhuc
1251 654 1351 710 essent

264 774 331 816 cnm
351 756 445 836 bonis,
467 774 612 816 secernere
632 755 762 835 profecto
779 773 812 815 se
830 756 956 834 improbi
984 773 1044 815 non
1064 759 1211 833 poterant,
1231 772 1287 815 neo
1308 772 1350 814 se-

264 862 370 941 cedere,
401 863 461 923 nisi
491 880 550 923 nno
577 860 642 923 loco
669 866 779 924 essent.
820 860 908 935 Quod
932 861 1085 939 quomodo,
1105 860 1240 921 homines
1261 877 1351 938 quum

263 972 372 1045 essent,
404 969 469 1028 sine
499 972 598 1028 mente
626 972 657 1030 et
676 968 800 1028 oonsilio
829 966 927 1027 faeere
953 966 1104 1044 deberent,
1125 984 1184 1026 non
1205 966 1350 1042 intelligo.

263 1070 324 1132 Sed
337 1076 518 1149 quantopere
539 1074 604 1150 ipse
618 1074 718 1132 varias
738 1072 828 1132 huius
845 1072 929 1131 verbi
941 1071 1172 1148 significationes
1190 1070 1352 1147 confundet

263 1178 293 1235 et
320 1173 507 1252 commiscent,
540 1192 578 1234 ex
604 1174 644 1234 iis
674 1174 748 1234 loeis
779 1191 923 1252 apparere
944 1178 1052 1253 potest,
1083 1191 1157 1250 quos
1179 1173 1291 1234 confert
1311 1174 1351 1233 ad

261 1277 440 1337 sententiam
464 1294 548 1337 suam
574 1275 822 1356 eonfirmandam3
851 1276 912 1337 (lio.
934 1275 972 1336 de
1003 1276 1042 1335 N.
1068 1275 1105 1334 D.
1137 1275 1349 1354 11,47,122=

263 1379 372 1454 ,Dedit
392 1384 491 1440 autem
511 1378 616 1440 eadem
635 1384 743 1440 natura
762 1379 870 1464 belluis
888 1383 918 1439 et
939 1396 1058 1439 sensum
1079 1382 1110 1439 et
1127 1378 1301 1457 appetitum,
1316 1382 1350 1436 ut

261 1484 355 1545 altero
385 1489 523 1545 conatum
553 1484 698 1544 haberent
718 1482 757 1542 ad
777 1483 929 1545 naturales
949 1487 1054 1560 pastus
1077 1482 1284 1561 capessendos,
1306 1483 1349 1541 al-

261 1593 324 1650 tero
356 1595 535 1649 secernerent
558 1588 702 1667 pestifero
724 1605 742 1647 a
764 1586 972 1647 rolnlordlrns.''
1012 1588 1146 1647 Erantne
1166 1587 1258 1661 igitur
1274 1585 1351 1647 haee

261 1704 347 1754 anteo
368 1695 521 1755 cernrnieto
553 1700 580 1753 el
601 1684 747 1769 confere?
787 1693 828 1754 Et
848 1710 909 1770 qua
939 1697 1032 1752 mente
1050 1698 1077 1750 et
1098 1690 1218 1751 cenatio
1230 1691 1349 1751 belluae

261 1800 341 1861 istud
359 1800 495 1861 iaciant?
517 1799 604 1861 Alter
633 1799 715 1859 locus
740 1802 786 1858 est
806 1796 868 1859 Cio.
890 1795 927 1857 de
949 1795 1044 1856 Amic.
1063 1795 1111 1875 25,
1133 1795 1187 1856 95:
1211 1793 1349 1870 ,Secerni

259 1908 360 1965 autem
380 1903 509 1964 blandus
526 1903 639 1964 amicus
660 1921 679 1962 a
696 1919 767 1963 vero
784 1905 815 1962 el
840 1899 996 1960 internosci
1012 1903 1111 1977 potest
1128 1898 1263 1960 adhibita
1280 1899 1347 1959 dili-

258 2005 390 2082 gentia.’'
411 2004 505 2065 Vides
523 2023 591 2065 eum
608 2022 667 2064 non
688 2003 922 2065 animadvertere
941 2002 990 2063 his
1010 2003 1084 2063 loeis
1105 2020 1251 2062 secernere
1260 2003 1348 2079 longe

259 2108 321 2166 alia
347 2108 462 2167 ratione
489 2107 558 2186 dici,
579 2125 615 2167 ac
635 2110 739 2167 notare
760 2105 934 2183 dipneseere,
955 2105 1132 2184 distinpnere
1143 2127 1154 2175 ,·
1175 2111 1275 2169 nostro
1295 2123 1347 2167 au-

258 2217 320 2273 tem
346 2212 411 2272 loco
443 2210 615 2288 reprenendi
641 2210 888 2286 significationem
915 2209 1034 2270 habere.
1076 2209 1155 2270 Vere
1181 2209 1293 2290 Cicero,
1314 2216 1348 2271 ut

259 2315 372 2375 multa:
396 2314 545 2389 „Ridiculi
577 2317 655 2392 sunt,
677 2314 728 2389 qui
759 2312 839 2391 quod
855 2312 913 2390 ipsi
934 2313 1049 2390 experti
1066 2330 1127 2372 non
1143 2317 1222 2392 sunt,
1242 2312 1274 2372 id
1294 2312 1345 2374 do-

260 2422 328 2480 cent
349 2416 491 2478 ceteros.’'

298 2648 380 2689 rnnro
408 2636 595 2690 secernontnr
622 2647 641 2690 n
669 2629 759 2690 nobis.
801 2630 894 2690 Recte
922 2628 1084 2689 Rinkesius
1111 2628 1257 2707 improbat
1285 2628 1343 2690 dis·

257 2738 422 2810 cernontnr,
453 2751 542 2809 quam
572 2733 728 2793 lectionem
756 2733 894 2792 Halmius
922 2737 952 2793 et
972 2732 1094 2794 Boetius
1116 2734 1344 2819 amplectuntur,

256 2833 374 2894 dicens:
408 2834 473 2909 ,Ex
500 2834 715 2909 significatione
746 2835 830 2894 verbi
861 2835 1044 2895 discernendi
1069 2854 1213 2915 apparere
1238 2839 1344 2917 potuit,

254 2937 426 2999 Ciceronem
453 2938 509 2999 hoc
527 2955 612 2998 sensu
638 2956 697 2998 non
721 2940 767 2999 uti
788 2955 823 2999 eo
842 2939 942 2998 verbo.
983 2940 1159 3002 Discernere
1179 2947 1235 3019 est,
1254 2959 1344 3002 nnern

254 3060 317 3103 rem
337 3042 377 3103 ab
398 3042 461 3103 clia
481 3044 681 3105 internoscere
702 3076 742 3086 -—
763 3046 793 3103 et
803 3042 859 3102 hoc
877 3045 956 3103 certe
966 3061 1067 3104 murus
1077 3061 1136 3104 non
1149 3044 1250 3106 iacit.''
1270 3046 1343 3107 Nol·

254 3147 313 3207 lem
334 3150 434 3207 autem
454 3146 566 3208 Kritzii
590 3145 811 3208 adnotationem
839 3145 879 3206 ad
900 3144 1022 3206 Sallust.
1054 3147 1089 3207 B.
1111 3147 1144 3208 0.
1166 3148 1214 3227 25,
1235 3150 1263 3209 3.
1284 3148 1344 3210 huc

254 3252 442 3312 contulisset:
475 3251 661 3325 ,discernere
689 3268 759 3311 vero
780 3255 835 3329 est,
855 3268 918 3311 rem
939 3251 1071 3329 aliquam
1092 3253 1124 3312 in
1144 3252 1221 3314 duas
1241 3258 1343 3332 partes

131 3438 133 3442 ι
254 3355 428 3435 seiungere,
456 3354 692 3434 discriminaque,
724 3353 803 3432 quod
822 3355 900 3416 inter
921 3360 1076 3433 utramque
1105 3357 1270 3438 intercedit,
1291 3376 1341 3420 ex·

252 3460 377 3539 plorato,
408 3459 517 3520 iudicio
548 3461 580 3520 in
610 3460 783 3522 alterutram
804 3459 978 3520 inclinare.”
1019 3459 1053 3520 Si
1075 3461 1154 3522 enim
1174 3462 1343 3539 seinnqcndi

252 3562 302 3624 hic
323 3563 464 3625 admittas
485 3561 739 3638 significationem,
760 3567 841 3624 recte
862 3563 979 3623 dicatur
994 3581 1077 3622 rnnre
1097 3580 1117 3623 u
1136 3564 1219 3624 nelis
1234 3566 1342 3625 discn-

253 3673 372 3726 nnntnr.
414 3665 474 3727 Sed
494 3666 672 3745 discernere,
693 3667 834 3745 adjuncta
854 3667 1072 3747 praepositione
1093 3668 1130 3729 eb
1150 3668 1237 3731 unice
1250 3669 1343 3732 hebet

252 3767 473 3846 intercurrerit,
494 3767 678 3828 diiudicandi
695 3768 949 3849 significationem,
970 3787 1067 3848 neque
1088 3772 1132 3833 ita
1151 3771 1213 3833 h.l.
1235 3790 1340 3836 conve·

251 3870 316 3948 nit3
347 3887 414 3930 curn
445 3872 615 3933 accusativo
641 3890 713 3933 vero
740 3873 870 3950 positum
897 3878 981 3937 notat
1012 3893 1171 3957 sepreqere,
1203 3878 1341 3960 dividere,

252 3973 407 4034 discrimen
444 3973 552 4050 fecere.
593 3994 668 4052 quas
713 3975 945 4052 significationes
981 3979 1163 4056 coniungens
1204 3982 1341 4045 Kritnius

252 4076 385 4138 diversos
416 4095 502 4137 casus
540 4096 599 4138 non
634 4079 707 4139 satis
745 4079 815 4139 dist'
860 4081 891 4140 't.
932 4078 1018 4154 Quae
1046 4082 1154 4143 deinde
1185 4082 1258 4145 dicit
1288 4086 1340 4146 R.:

254 4180 356 4255 „Sicut
387 4181 478 4256 igitur
509 4182 634 4256 vulgata
659 4182 805 4259 scriptura
825 4182 943 4258 legitur,
964 4182 1094 4244 absurda
1111 4189 1157 4245 est
1177 4184 1252 4246 haec
1272 4204 1339 4262 gra-

252 4284 352 4346 datio''
375 4284 447 4365 (non
474 4285 587 4364 debuit,
615 4290 772 4363 postquam
790 4286 920 4347 alienmn
940 4287 1115 4348 vocabulum
1137 4305 1203 4350 esse
1220 4288 1339 4353 demon-

253 4391 367 4472 stravit,
389 4391 508 4455 addere:
536 4409 639 4472 ,quaa
661 4391 780 4457 etiamsi
790 4389 994 4456 discernentur
1003 4392 1156 4474 scribatur,
1167 4398 1267 4459 tamen
1278 4414 1341 4472 ma:
