3086 5192
765 476 801 533 12

284 630 431 691 celicmecs
453 638 480 691 et
496 649 591 709 cruce.
636 632 747 707 „Recte
768 631 877 693 dicitur
897 632 972 692 illud
992 631 1094 692 dctum
1113 648 1220 708 qraoc5
1241 626 1321 688 vede-

243 750 323 793 mecs
350 740 452 797 contre
475 753 638 815 perperam,
666 735 841 815 praesertim
861 734 894 793 ic
914 753 945 793 co
966 751 1043 813 cccc,
1065 751 1119 812 quo
1135 731 1254 793 omnino
1270 748 1322 808 po·

242 839 351 897 testate
372 838 430 898 sibi
451 855 592 899 concessa
608 837 691 899 Coss.
713 856 773 898 non
790 837 942 898 utuntur.''
964 838 1002 898 R.
1024 870 1064 880 -
1085 836 1189 914 Igitur,
1210 835 1237 894 ei
1257 837 1321 893 ute-

236 943 343 1025 rentur
362 941 454 1014 doec,
474 942 634 1002 vehemens
652 941 711 1001 dici
727 941 851 1019 posset?
874 940 924 1000 Sic
944 960 973 1000 v.
991 959 1016 1001 c.
1038 940 1076 999 de
1095 940 1184 1013 longo
1195 943 1225 999 et
1235 941 1322 999 acuto

241 1040 342 1114 gladio
373 1042 440 1119 quic
467 1043 560 1103 dIcat:
594 1043 709 1120 toccum
726 1044 784 1103 eibi
804 1042 913 1121 videri,
935 1060 994 1101 non
1014 1043 1086 1104 item
1107 1047 1229 1121 coctum,
1250 1058 1320 1119 quo-

241 1142 323 1202 niam
349 1161 436 1204 nemo
457 1162 492 1204 eo
511 1148 621 1205 utatur.
664 1145 707 1205 At
728 1162 785 1221 quo
806 1145 913 1204 melius
931 1146 997 1221 quis
1023 1145 1068 1204 uti
1088 1146 1192 1223 possit,
1213 1145 1325 1205 idcirco

243 1249 349 1304 acutus
369 1250 424 1305 eet.
464 1247 579 1306 Eadem
599 1246 714 1306 ratione
731 1264 831 1305 cocere
852 1245 900 1305 lec
916 1248 1032 1327 dicItur,
1053 1265 1130 1323 quae
1144 1265 1322 1326 qraceopoe-

239 1359 295 1403 ccc
310 1347 456 1425 proponit,
478 1348 595 1407 etiamsi
615 1347 768 1410 adhibitae
777 1349 907 1409 nondum
918 1350 990 1429 sint,
1011 1355 1043 1410 et
1058 1349 1206 1410 vetemus
1223 1350 1323 1410 Setcm·

240 1449 294 1524 est,
316 1464 374 1523 quo
395 1465 530 1508 severum
548 1450 703 1528 imperium
724 1450 807 1511 does.
829 1453 1006 1532 conceditur,
1026 1458 1060 1515 nt
1076 1453 1324 1531 protempcuibue

239 1568 276 1613 eo
299 1552 345 1612 uti
374 1553 500 1632 possint.
542 1554 592 1616 Sic
612 1556 738 1631 legimus
759 1557 840 1635 apud
859 1558 920 1619 dic.
943 1559 975 1617 in
991 1559 1084 1620 Bruto
1104 1577 1129 1620 c.
1150 1559 1250 1637 XXII,
1271 1560 1323 1618 88:

241 1656 388 1733 ,Galbam
415 1678 474 1720 non
505 1661 537 1720 in
557 1663 673 1737 agendo
694 1663 798 1739 solum,
819 1663 873 1722 sed
894 1664 985 1724 etiem
1002 1664 1034 1722 in
1050 1664 1220 1724 meditando
1239 1662 1320 1722 cehe·

238 1769 361 1822 mcntcm
380 1769 470 1840 atque
488 1766 640 1825 incensum
656 1765 778 1826 fuissc.”
819 1768 856 1825 In
873 1767 974 1826 Vatin.
997 1769 1025 1846 2,
1046 1770 1074 1826 4:
1118 1768 1267 1841 ,Nimium
1287 1787 1323 1828 ec

238 1864 387 1925 vehemens
417 1866 558 1945 feroxque
589 1868 725 1929 nature.”
767 1869 813 1928 Dc
846 1866 927 1928 Orat.
960 1870 992 1927 Π
1023 1887 1048 1928 e.
1070 1872 1119 1946 49,
1140 1871 1208 1931 20&
1229 1889 1321 1947 ccccc

239 1966 378 2025 orationis
394 1967 541 2027 deducens
563 1974 647 2048 utque
667 1976 765 2038 utrem
794 1972 888 2031 multu
905 1971 1058 2031 eiusmodi.

279 2177 530 2257 mceilicmceqce
541 2182 706 2242 auctoritas.
726 2183 827 2244 Etiam
837 2182 941 2245 horum
952 2186 1077 2246 alterum
1084 2185 1236 2245 abundare
1243 2185 1319 2245 dixit

238 2284 275 2342 R.
293 2283 332 2342 cd
354 2284 374 2361 ξ
398 2288 425 2345 1.
466 2286 542 2346 Mihi
560 2304 630 2346 vero
651 2289 695 2348 ite
705 2288 822 2349 differre
832 2288 979 2368 videntum,
1000 2288 1125 2350 utillud
1143 2294 1264 2351 senatus
1281 2289 1322 2350 de

242 2402 274 2445 re
284 2385 404 2462 publica
414 2386 656 2450 deliberationem
667 2389 823 2470 nIgnificet,
842 2391 1087 2468 quemadmodum
1104 2391 1177 2451 dicit
1197 2391 1218 2469 ξ
1240 2394 1269 2450 2:
1286 2392 1321 2468 fit

236 2488 349 2567 publici
361 2491 635 2573 coctiliiportieepc
656 2494 712 2555 hoc
732 2500 832 2555 autem
852 2495 954 2557 Sctum
973 2496 1057 2574 illud,
1078 2496 1228 2573 qucOocs.
1240 2513 1317 2555 sum·

240 2609 289 2651 me
304 2597 438 2670 potestas
465 2612 605 2657 concessa
623 2602 711 2676 esset,
732 2598 859 2676 quam§
881 2602 910 2659 4.
932 2598 1023 2659 eciem
1042 2598 1144 2659 liorem
1164 2598 1323 2659 coccium*

239 2695 277 2755 tis
291 2702 387 2757 vocat.

617 2915 851 2981 CAPUT
897 2919 941 2982 II.

279 3319 300 3396 ξ
322 3319 351 3376 4.
373 3314 502 3377 decrevit
532 3318 677 3398 qcmzdcm
707 3324 823 3377 secutos
843 3321 900 3378 cet.
943 3316 1083 3392 ,Initium
1102 3317 1191 3378 huius
1211 3319 1318 3397 cepitis

239 3420 397 3483 conflatum
418 3428 464 3483 est
485 3421 594 3483 einc.
606 3422 685 3481 Phil.
704 3423 779 3482 VIII
800 3421 851 3501 45
876 3421 993 3481 1415.”
1015 3423 1051 3482 R.
1070 3455 1110 3465 -
1130 3423 1254 3484 Praeter
1264 3424 1318 3482 ali·

236 3530 309 3603 quot
328 3525 456 3605 nomina,
477 3527 616 3606 quoniam
626 3525 740 3604 iisdem,
761 3524 1154 3604 quodfaceredieerosolet,
1175 3527 1318 3604 exemplis

237 3630 340 3710 utitur,
369 3649 458 3709 quam
485 3636 584 3710 potest
619 3631 749 3693 mexImu
779 3629 946 3690 differentia
973 3636 1019 3691 est
1046 3630 1123 3691 Inter
1162 3636 1318 3709 utrumque

236 3734 341 3795 locum.
374 3734 488 3807 Quodsi
514 3741 615 3796 tamen
642 3734 756 3812 aliquid
780 3734 876 3793 simile
894 3734 980 3812 inest,
1000 3732 1070 3793 hiuc
1086 3751 1122 3794 eo
1142 3736 1317 3794 translatum

237 3852 304 3897 esse
314 3837 497 3916 probabilius
514 3843 595 3916 puto.
616 3840 681 3899 Hoc
705 3838 785 3898 idem
805 3838 956 3899 contendit
973 3839 1095 3916 scilIcet,
1115 3839 1167 3917 qui
1188 3856 1226 3899 ex
1246 3839 1317 3899 duo-

235 3941 292 4002 bus
302 3940 452 4001 Ciceronis
463 3942 535 4003 locis
552 3940 759 4019 vultprobere,
780 3940 923 4018 qvondam
932 3942 1057 4001 nonnisi
1074 3941 1111 4000 de
1122 3942 1317 4022 remotissimo,

235 4044 286 4104 vel
302 4043 408 4105 saltem
439 4044 477 4105 de
508 4044 616 4103 incerto
636 4047 767 4121 tempore
788 4045 937 4123 usurpari3
966 4063 1055 4122 quum
1075 4045 1163 4119 longe
1184 4046 1318 4123 pluribus

236 4148 310 4210 locis
338 4150 516 4211 contrarIum
543 4149 661 4229 probari
688 4151 791 4228 poncii,
812 4149 890 4226 quod
909 4154 990 4211 recte
1010 4150 1223 4212 demonstravit
1242 4151 1316 4210 Boo-

235 4253 305 4333 tius,
337 4254 421 4315 cuius
451 4256 605 4334 exemplis,
627 4255 652 4316 ei
671 4273 744 4334 opus
766 4259 854 4334 esset,
874 4256 969 4317 multa
985 4255 1056 4314 addi
1072 4259 1203 4334 possent,
1224 4273 1250 4315 e.
1271 4273 1314 4332 gr.

236 4355 274 4419 de
296 4354 377 4420 Orat.
406 4359 430 4437 I,
452 4361 480 4439 6,
501 4361 551 4421 23.
572 4359 653 4420 Livii
673 4360 714 4438 11,
735 4360 763 4438 5,
786 4364 813 4420 7.
835 4359 904 4419 clia.
948 4357 1008 4420 Sed
1018 4361 1108 4439 locus,
1128 4360 1207 4422 unde
1225 4378 1315 4438 appa·
