3086 5192
763 474 801 531 89

287 630 378 710 531.
399 630 553 690 maturitas
585 629 688 707 erupit.
733 632 843 704 „Recte
875 629 968 707 saror,
998 629 1158 689 corriaratio
1178 644 1330 707 erumpere

245 739 343 812 potest
359 734 391 794 in
409 732 529 810 aliquod
550 737 677 811 tempus,
699 732 752 792 sed
769 731 923 792 maturitas
942 731 1150 792 coniurationis
1166 748 1225 791 non
1235 748 1330 792 erum-

244 835 318 914 pit.''
339 835 703 913 R.-Estquasidioao:
724 833 817 910 aicae,
832 834 933 913 fistula
953 853 1105 913 erumpere
1125 839 1259 914 possunt,
1278 831 1331 894 sed

244 943 393 997 matarum
418 937 504 997 aleas
531 954 683 1015 erumpere
711 954 770 996 non
800 941 907 1015 potest.
959 937 1053 1014 Atqui
1074 938 1141 1015 ipsa
1175 937 1331 997 maturitas

245 1041 325 1119 facit,
347 1045 381 1100 nt
398 1046 542 1119 erumpat.
564 1041 631 1101 Dici
643 1045 932 1119 autemaequepnto
954 1041 1108 1101 maturitas
1128 1040 1245 1120 alceris,
1267 1059 1331 1100 coa·

244 1143 410 1223 iaratioais,
432 1144 545 1221 fareris
562 1149 617 1205 cet.
645 1150 735 1223 atque
763 1144 888 1205 attitado
912 1146 1059 1223 moratam,
1091 1145 1153 1205 riae
1176 1144 1332 1223 largitato,

244 1243 340 1323 aladii
364 1264 492 1326 ammae,
523 1249 583 1307 alia
610 1248 754 1308 eiusmodi
774 1249 871 1326 poetis
899 1249 930 1308 in
960 1248 1073 1329 primis,
1094 1249 1147 1309 sed
1168 1249 1333 1310 oratoribus

245 1351 336 1411 etiam
357 1352 483 1429 aliisque
515 1354 637 1413 usitata.
677 1354 782 1414 Bootio
809 1357 964 1430 praeterea
991 1354 1023 1413 ia
1051 1354 1143 1413 rastri
1166 1353 1333 1414 consalatas

246 1460 357 1531 tempas
375 1455 471 1532 erupit
490 1455 598 1516 falsum
616 1456 742 1535 videtur,
763 1475 817 1534 pro
838 1475 896 1535 quo
917 1457 1073 1518 dicendum
1093 1462 1180 1537 putat
1192 1458 1225 1518 ia
1236 1464 1333 1517 aestro

246 1556 406 1636 corartata,
428 1563 462 1618 nt
490 1557 572 1619 Orat.
605 1577 659 1637 pro
680 1558 764 1619 Sulla
786 1560 806 1638 5
829 1562 877 1639 673
896 1561 987 1620 aliam
1005 1562 1084 1621 enirn
1100 1562 1244 1622 rationem
1266 1578 1332 1622 esse

245 1661 319 1723 dioit
338 1661 395 1721 loci
416 1680 453 1722 ex
466 1663 598 1724 oratione
618 1681 672 1741 pro
693 1664 769 1723 llur.
791 1666 849 1724 82:
874 1664 998 1743 „omnia
1019 1666 1225 1744 quaeperhoo
1242 1666 1332 1727 trien-

245 1764 328 1824 nium
350 1764 466 1840 agitata
493 1771 563 1827 sunt
583 1799 623 1809 -—
644 1767 676 1826 in
696 1766 751 1826 hos
772 1766 846 1843 dies,
868 1766 899 1825 in
919 1765 974 1825 hos
988 1784 1113 1846 menses,
1134 1769 1166 1826 in
1182 1767 1239 1828 hoc
1258 1773 1332 1828 tern-

245 1888 301 1947 pus
332 1871 518 1949 erumpunt,''
551 1889 639 1949 quem
669 1873 766 1932 locum
798 1872 935 1949 equidem
953 1876 1053 1932 nostm
1074 1872 1244 1932 similimum
1265 1889 1332 1932 cose

245 1989 360 2032 censeo.
402 1973 481 2032 Nem
506 1973 584 2050 quod
612 1974 696 2034 addit
718 1974 788 2033 ille:
823 1973 949 2050 „Agitur
973 1974 1011 2035 de
1038 1980 1169 2053 tempore
1197 1975 1331 2035 instanti.

245 2075 355 2135 Contra
379 2094 470 2153 quum
500 2075 603 2136 Cicero
634 2077 666 2134 in
690 2076 850 2137 Catilinam
874 2077 994 2156 diceret,
1026 2080 1196 2139 consulatus
1215 2083 1332 2156 tempus

246 2177 306 2237 iam
338 2178 498 2238 maximam
528 2183 644 2256 partem
674 2179 896 2258 praeterierat,'’
928 2178 1004 2239 nihil
1035 2181 1131 2255 magis
1152 2181 1222 2259 illic,
1243 2198 1333 2257 quam

246 2279 276 2338 h.
294 2280 314 2338 l.
336 2279 490 2341 definitum
511 2285 629 2358 tempus
646 2280 771 2341 indicari
806 2281 912 2360 vide03
941 2281 994 2341 sed
1021 2283 1119 2343 verbis
1141 2283 1173 2342 r'a
1195 2282 1247 2342 boc
1265 2287 1331 2341 tera-

245 2400 303 2460 pas
322 2401 377 2460 per
395 2383 600 2459 gradationem
619 2388 688 2461 post
704 2383 737 2442 ia
756 2383 942 2463 bremenses,
963 2386 1060 2463 ipsum
1081 2384 1247 2445 eoasatatas
1265 2391 1331 2445 tera·

243 2505 302 2564 pas
322 2488 483 2563 significari
505 2489 652 2568 existimo,
674 2489 758 2549 cuius
779 2493 850 2550 tunc
870 2490 1011 2550 maiorem
1022 2491 1113 2550 etiam
1122 2495 1240 2568 partem
1247 2509 1332 2568 prae·

246 2594 364 2654 teriisse
381 2599 507 2655 constat.
527 2594 588 2655 Sed
606 2610 666 2654 non
689 2595 727 2654 de
759 2599 890 2673 tempore
911 2599 1028 2656 tantum
1051 2613 1109 2672 quo
1123 2596 1205 2654 illam
1226 2596 1332 2656 oratio-

246 2716 315 2757 nem
343 2699 476 2773 haberet,
507 2716 611 2759 verum
643 2700 680 2760 de
699 2700 778 2760 omni
806 2701 976 2761 consulatus
1005 2701 1052 2760 sui
1070 2705 1201 2778 tempore
1228 2699 1283 2759 illa
1300 2717 1334 2760 sc

246 2799 353 2878 dicere,
375 2804 473 2860 orator
494 2801 559 2877 ipse
581 2801 719 2878 ostendit,
740 2820 831 2878 quum
859 2803 903 2862 ita
916 2808 1032 2879 pergat.
1076 2801 1154 2876 „Qui
1174 2803 1257 2863 locus
1278 2807 1333 2883 est,

246 2903 369 2981 iudices,
401 2902 479 2979 qnod
506 2907 643 2981 tempus,
671 2904 724 2979 qui
752 2904 825 2982 dics,
846 2921 924 2979 quae
948 2922 1016 2982 nox,
1036 2922 1126 2980 quum
1144 2923 1200 2979 ego
1219 2923 1279 2966 non
1296 2923 1335 2966 ex

246 3006 369 3068 istorum
389 3005 507 3066 insidiis
527 3024 563 3066 ac
582 3005 770 3066 mucronibus
789 3039 830 3049 -
850 3005 960 3083 eripiar
980 3010 1070 3082 atque
1084 3006 1227 3067 evolem.'’
1248 3006 1334 3079 Quae

246 3129 316 3172 vere
347 3128 414 3171 eum
445 3111 575 3170 locutum
603 3126 679 3188 esse,
711 3113 743 3170 et
770 3109 830 3168 iam
851 3108 953 3169 statim
976 3109 1008 3167 in
1029 3109 1146 3168 initium
1164 3110 1335 3169 consulatus

248 3217 380 3292 erupisse
400 3214 528 3275 furorem
549 3220 580 3274 et
601 3213 757 3275 audaciam
778 3214 935 3292 Catilinae,
956 3214 1045 3275 testis
1059 3213 1237 3275 estSallnst.
1269 3231 1333 3292 cap.

249 3320 290 3377 24
306 3321 338 3378 et
355 3318 403 3375 26.
425 3318 494 3377 Non
515 3320 580 3377 erat
596 3316 695 3395 igitur,
706 3334 773 3377 mea
784 3317 930 3395 opinione,
952 3316 1031 3395 quod
1050 3318 1085 3376 B.
1103 3316 1217 3393 sarorio
1237 3324 1264 3377 et
1281 3335 1333 3377 aa·

249 3419 350 3479 daciae
366 3418 523 3480 maturitas
540 3419 637 3498 erupit
653 3420 812 3496 corrigeret
830 3421 870 3480 in:
892 3419 1005 3496 fareris
1021 3419 1064 3480 oie
1081 3419 1244 3481 etaadaa‘a
1254 3419 1334 3481 emit-

249 3523 320 3584 ta'tar
340 3557 381 3568 -
401 3541 436 3583 ac
451 3523 584 3602 erumpit.

291 3755 327 3795 ea
345 3740 425 3794 tarta
447 3734 607 3795 latrocinio.
631 3733 690 3808 ,At
710 3733 840 3794 nondum
861 3734 1047 3795 latrocinium
1067 3735 1127 3794 dici
1146 3738 1246 3812 potest
1266 3751 1332 3795 oon-

251 3839 367 3916 inratio,
399 3856 487 3915 quam
514 3837 644 3897 Catilina
674 3836 706 3896 in
726 3836 952 3899 urbeinierat.''
973 3838 1010 3897 R.
1031 3836 1215 3898 —Atiam
1236 3841 1335 3899 caena

251 3947 335 4003 erant
360 3946 462 4002 contra
485 3959 548 4002 rem
577 3941 726 4018 publicam
758 3941 909 4021 collocata,
938 3941 958 4019 5
977 3941 1010 4020 53
1031 3941 1063 4000 in
1078 3941 1168 4000 armis
1188 3945 1253 4002 erat
1269 3942 1335 4002 eius

249 4046 367 4121 legatus
387 4045 517 4123 Mallius,
540 4044 560 4123 5
580 4048 613 4123 73
634 4045 695 4104 iam
715 4050 858 4106 nocturno
878 4047 991 4122 impetu
1008 4044 1170 4106 Praeneste
1190 4062 1335 4123 occupare

249 4153 373 4211 conatus
390 4152 463 4226 erat,
486 4147 506 4225 5
529 4150 561 4226 83
583 4148 643 4207 iam
664 4148 728 4225 ipse
749 4149 788 4207 ad
809 4151 906 4209 castra
919 4146 1165 4225 profectusesset,
1185 4147 1336 4224 nisiprius

248 4251 406 4312 Consulem
425 4250 589 4329 opprimere
618 4249 789 4328 studuisset,
821 4251 841 4329 5
865 4253 897 4329 93
918 4250 979 4310 iam
988 4250 1151 4328 praemissi
1169 4254 1262 4327 erant,
1283 4250 1335 4326 qui

250 4355 288 4414 ad
319 4355 428 4416 Forum
457 4354 612 4416 Aurelium
640 4354 707 4413 eum
725 4353 984 4432 praestolarentur,
1006 4354 1078 4414 item
1099 4352 1199 4428 aquila
1212 4351 1266 4412 illa
1287 4369 1333 4411 ar-
