3086 5192
770 427 805 486 16

247 598 305 663 quo
322 584 448 663 facilius,
470 586 496 644 si
519 604 550 646 se
568 587 662 646 invito
683 588 809 647 transire
820 580 939 665 vellent,
959 586 1245 671 proiribereposslts’³
1266 598 1327 658 (iic.

248 692 285 751 de
305 693 371 765 lege
393 691 497 765 Agrar.
517 692 557 750 ΙΙ.
577 692 625 768 28,
648 692 694 750 75:
719 692 882 765 ,Uttotam
902 693 1094 754 Italiamsuis
1112 700 1271 773 praesidiis
1283 701 1328 759 ob·

248 795 342 853 sidere
359 799 448 871 atque
459 812 601 872 occupare
624 794 741 872 cogitet,
753 796 949 869 cognoscitc.'’
972 797 1010 856 ad
1021 797 1084 858 Att.
1095 800 1149 859 IX.
1162 803 1189 860 3:
1214 803 1328 876 ,Tene-

248 903 297 958 tur
324 899 413 957 armis
439 897 650 976 praesidiisque
677 902 740 958 tota
756 898 875 976 Italia'';
898 899 951 958 sed
973 904 1039 959 uter
1063 918 1163 962 eorum
1184 904 1330 983 donnitet,

248 1006 314 1064 uter
332 1019 408 1079 quae
425 1002 487 1064 siut
502 1002 652 1080 praesidia
669 1001 792 1079 nesciat,
814 1002 888 1060 satis
912 1006 943 1061 te
964 1003 1065 1064 videre
1082 1008 1229 1069 existimo.

288 1210 363 1268 rives
380 1211 430 1286 iic,
452 1214 484 1266 ct
505 1208 582 1266 eicis.
607 1207 755 1281 ,Catilina
772 1208 910 1268 obsessus
924 1208 985 1268 illis
1002 1212 1161 1288 praesidiis
1180 1215 1223 1274 ita
1240 1217 1331 1295 vivet,

250 1318 283 1373 ut
303 1312 387 1390 vivit,
407 1329 445 1370 ne
463 1316 565 1371 contra
584 1310 727 1388 rempubl.
749 1329 866 1371 movere
888 1329 920 1372 se
941 1314 1051 1390 possit:
1073 1316 1152 1391 quod
1167 1318 1231 1378 sine
1242 1318 1332 1378 dubio

251 1415 462 1476 subridiculum
480 1414 555 1474 est.''
577 1416 614 1474 R.
626 1449 666 1457 -—
677 1416 770 1475 Immo
780 1415 869 1493 plane
879 1415 1036 1476 ridiculum
1047 1417 1332 1482 esthaecverbaita

251 1520 381 1599 iungere,
402 1518 591 1596 uiperticula
611 1536 647 1577 ree
668 1520 824 1579 cohaerere
835 1520 972 1580 videatur
981 1538 1048 1580 cum
1058 1521 1137 1602 ciret,
1148 1542 1237 1601 quam
1247 1543 1333 1585 nemo

251 1641 311 1684 non
327 1623 455 1701 pendere
486 1622 568 1683 videt
589 1622 628 1682 ab
648 1622 783 1701 obsessos,
805 1622 882 1698 quod
894 1623 1068 1698 probibendi
1089 1627 1334 1700 significationem

252 1729 361 1786 habere
382 1726 469 1784 modo
483 1726 620 1784 vidimus.
663 1727 728 1785 Nec
745 1742 816 1784 casu
834 1725 953 1800 quidem
974 1727 1049 1786 illud
1062 1727 1172 1788 facium
1194 1750 1268 1811 esse,
1280 1734 1333 1794 sed

252 1831 446 1891 deindustria
467 1831 510 1889 sic
531 1830 652 1902 iungere
663 1829 839 1888 Rinkesium
850 1834 974 1907 apparet
985 1832 1079 1910 exiis,
1101 1838 1333 1912 quae,paucain

252 1935 349 1994 medio
380 1933 505 2011 locutus,
523 1934 555 2011 in
575 1932 634 1992 fine
655 1933 754 1993 addit:
778 1934 874 2010 ,quod
892 1935 943 2010 qui
960 1934 1056 2018 facere
1073 1938 1178 2017 potuit,
1199 1938 1242 1997 ita
1262 1938 1335 1999 vicit

252 2057 306 2117 per
322 2038 502 2115 Ciceronem,
523 2043 556 2095 ct
572 2055 753 2098 commovere
772 2056 805 2098 se
824 2043 924 2098 contra
944 2040 1087 2117 rempubl.
1109 2059 1168 2100 non
1188 2044 1333 2121 posset?’'

180 2212 183 2217 y
253 2142 338 2215 Quae
350 2145 450 2202 autem
472 2143 504 2200 in
521 2141 618 2202 medio
635 2142 736 2218 garrit,
757 2141 887 2200 huciere
908 2142 1041 2202 redeunt:
1063 2143 1223 2204 Catilinam
1234 2164 1334 2223 quam·
1402 2189 1405 2194 -

252 2247 300 2306 vis
321 2246 381 2304 illis
402 2245 559 2322 praesidiis
570 2245 730 2320 obsessum,
753 2245 851 2302 omnia
872 2249 972 2303 tamen
986 2245 1025 2303 ad
1042 2246 1210 2304 incendium
1228 2253 1333 2307 etcae-

253 2350 320 2408 dem
341 2365 510 2424 comparare
532 2351 564 2405 et
578 2347 682 2404 horum
703 2345 929 2422 descriptionem
939 2346 1057 2406 Laecae
1068 2347 1146 2405 domi
1157 2350 1335 2410 constituere

253 2451 394 2530 potuisse.
436 2448 504 2521 Qua
535 2448 572 2507 de
602 2466 635 2507 re
665 2465 734 2507 mox
754 2446 929 2506 videbimus.
951 2447 1011 2508 Sed
1027 2449 1192 2508 mirandum
1209 2457 1335 2512 nonest

254 2557 324 2634 qui,
356 2554 435 2631 quod
459 2553 545 2611 modo
566 2552 703 2629 vidimus,
735 2552 850 2625 ignoret
870 2552 942 2628 quid
963 2553 1003 2613 sit
1020 2553 1178 2630 praesidiis
1199 2555 1335 2635 obsessas,

253 2658 332 2717 hunc
357 2673 452 2731 neque
482 2656 536 2713 illa
556 2655 723 2728 intelligere
744 2672 821 2731 quae
842 2660 922 2716 arcte
940 2674 1007 2715 cum
1027 2657 1065 2716 iis
1086 2657 1263 2718 cohaerent:
1285 2677 1335 2718 ne-

254 2766 306 2836 gat
334 2761 412 2822 enim
442 2777 611 2819 consuescere
628 2778 657 2818 se
679 2764 779 2818 ceretro
800 2760 939 2837 rempubl.
960 2760 1085 2820 latinum
1103 2779 1177 2841 esse,
1199 2764 1337 2839 quoniam

253 2882 327 2924 reeca
348 2865 388 2924 sit
411 2863 544 2942 loquendi
575 2863 680 2939 forceo,
713 2867 802 2939 atque
820 2861 962 2921 audacius
980 2863 1070 2922 etiam
1088 2862 1179 2941 addit,
1201 2863 1338 2922 Reraenis

256 2968 357 3027 saltere
374 2966 516 3026 incedito.
558 2967 683 3043 Parum,
705 2965 801 3042 credo,
823 2966 903 3042 apud
924 2982 991 3024 eum
1003 2966 1336 3043 iudIcemnobisprode·

254 3074 294 3134 rit
304 3078 411 3133 testem
421 3073 576 3132 invocasse
586 3070 675 3129 huius
683 3070 856 3147 orationis§
870 3074 896 3148 7,
907 3071 959 3130 ubi
970 3071 1074 3130 eadem
1084 3070 1177 3130 forma
1187 3072 1273 3149 redit3
1285 3073 1338 3133 sed

256 3179 282 3237 si
300 3193 401 3237 omnes
416 3175 588 3251 locutiones,
611 3191 687 3250 quae
704 3174 789 3234 nobis
810 3192 906 3234 novae
920 3181 997 3252 sunt,
1018 3177 1067 3235 vel
1088 3193 1212 3251 quarum
1234 3179 1339 3238 saltem

256 3279 367 3339 similia
394 3278 531 3354 exempla
558 3275 688 3353 proferre
708 3293 768 3334 non
798 3294 962 3354 possumus,
994 3276 1159 3354 improbare
1186 3279 1339 3359 vellemus,

256 3399 359 3442 vereor
386 3397 424 3439 ne
443 3379 536 3439 multa
564 3377 779 3457 damnaremus,
797 3397 874 3455 quae
891 3380 1090 3439 Romanorum
1111 3397 1198 3439 aures
1218 3382 1339 3442 audien-

256 3487 331 3548 tium
362 3505 399 3547 ca
422 3486 472 3545 vel
493 3484 656 3560 legentium
676 3500 863 3562 nequaquam
881 3483 1072 3561 offenderunt,
1093 3485 1339 3564 volquaeetiam,

257 3591 283 3651 si
319 3590 417 3651 omnia
437 3606 537 3649 eorum
566 3588 676 3665 scripta
688 3586 873 3663 haberemus,
894 3603 953 3644 non
970 3585 1045 3646 adeo
1065 3586 1208 3644 Romanis
1226 3586 1339 3647 inaudi-

257 3702 290 3756 ta
310 3713 377 3756 esse
405 3699 570 3773 appareret.
614 3692 673 3752 Sed
697 3708 775 3751 nova
796 3691 836 3751 sit
853 3691 906 3749 illa
923 3691 1078 3751 verborum
1096 3694 1251 3768 structura,
1282 3706 1341 3749 non

257 3816 335 3857 nova
363 3803 464 3857 tamen
480 3796 573 3856 verba
595 3799 680 3873 sunt,
702 3812 798 3870 neque
820 3794 899 3852 enim
917 3793 1039 3868 negabit
1059 3793 1096 3851 R.
1120 3792 1247 3851 latinum
1265 3807 1340 3867 esse,

259 3921 289 3962 se
311 3919 489 3979 corremoccre,
510 3901 569 3958 nisi
590 3898 665 3959 forte
681 3916 779 3959 errare
797 3899 968 3959 Ciceronem
977 3902 1063 3976 putat
1074 3897 1233 3957 dicentem:
1257 3897 1341 3972 ,quis

260 4025 319 4067 sese
331 4022 500 4066 commorere
519 4008 627 4082 potest,
648 4003 732 4063 cuius
750 4004 801 4063 ille
812 4004 887 4062 vitia
907 4020 967 4061 non
980 4001 1082 4061 videat
1095 4001 1131 4060 ?''
1153 4001 1190 4061 de
1211 3999 1292 4060 Orat
1310 4001 1341 4060 11

260 4111 308 4189 57,
330 4111 398 4169 233.
441 4109 520 4168 Tum
548 4108 709 4185 coniurare,
730 4106 841 4166 bellum
865 4124 977 4186 gerere,
998 4105 1112 4183 aliquid
1129 4105 1225 4164 moliri
1243 4108 1342 4162 costra

261 4215 400 4295 rempubl.
433 4216 577 4275 Romanis
605 4213 741 4275 inaudita
768 4231 834 4274 esse
866 4231 952 4273 nemo
969 4212 1056 4273 facile
1072 4211 1237 4271 contendet.
1277 4210 1342 4267 Iam

262 4319 329 4396 quis
357 4302 492 4380 Ciceroni
524 4318 677 4397 invidebit,
699 4318 724 4378 si
745 4335 799 4395 per
815 4317 920 4378 litoten
941 4314 1015 4377 illud
1032 4314 1130 4376 dicere
1148 4312 1273 4375 voluerit
1289 4329 1342 4390 pro
