3086 5192
774 456 814 512 34

254 614 400 673 omisisset
432 612 555 672 orator.'’
578 614 614 672 R.
636 644 675 654 —
695 613 759 672 Hoc
791 613 898 672 deinde
920 630 999 672 more
1020 629 1073 671 suo
1094 613 1186 671 variis
1207 615 1334 688 argutiis

251 718 374 793 probare
406 721 536 795 conatur,
567 722 597 777 et
628 718 747 792 singula
767 717 894 778 ridicula
913 717 1062 778 reddendo
1083 722 1178 778 totum
1199 723 1334 779 evertere

252 822 365 899 studet,
386 822 423 880 de
441 821 548 896 quibus
563 838 617 880 suo
633 822 697 881 loco
714 820 889 881 videbimus.
910 824 959 881 Ex
979 823 1113 881 omnibus
1131 827 1333 882 autemnnum

251 925 325 983 illud
352 942 422 985 vere
450 924 560 984 dietum
586 942 651 984 esse
669 926 801 985 invenio:
825 925 987 999 ,vocabula
1004 925 1073 1003 qaid
1091 931 1132 983 cat
1149 925 1332 985 1111111111-

251 1046 318 1088 nem
350 1030 501 1089 continent
527 1047 635 1108 eorum,
667 1048 744 1104 quae
774 1029 983 1106 praecedunt,''
1012 1048 1191 1106 quemqnam
1219 1048 1257 1090 ne
1278 1032 1334 1091 hoc

251 1135 348 1210 ipsum
369 1134 488 1210 quidem
498 1135 571 1192 vitio
589 1139 681 1194 caret.
700 1135 869 1194 Absurdum
884 1135 962 1193 enim
973 1152 1038 1194 esse
1050 1135 1122 1195 dicit
1145 1134 1333 1209 „Ciceronem

251 1238 405 1296 consilium
423 1237 494 1294 dare
514 1236 670 1314 Catilinae,
691 1241 725 1296 ut
746 1255 784 1297 ex
804 1239 875 1297 urbe
892 1238 1102 1315 proficiscatur,
1123 1256 1213 1313 quum
1226 1239 1286 1298 iam
1301 1240 1333 1298 in

251 1342 450 1418 superioribus
464 1342 492 1401 ei
504 1341 642 1402 dixisset:
664 1359 733 1399 11111
744 1342 859 1401 debiam
869 1342 900 1401 id
910 1361 954 1401 me
964 1343 1124 1420 imperante
1134 1343 1240 1421 sacac,
1256 1344 1332 1421 qaod

252 1445 312 1504 iam
333 1451 382 1504 tae
394 1451 492 1522 sperate
509 1445 667 1520 faceta?
689 1446 731 1507 At
748 1465 808 1506 non
826 1448 864 1505 ad
881 1448 934 1506 illa
954 1447 1108 1507 referenda
1128 1449 1332 1525 estpartioula

250 1548 334 1627 easta,
355 1566 458 1608 verum
474 1549 514 1607 ad
523 1550 655 1625 proxime
676 1550 897 1626 praecedentia:
920 1549 946 1608 si
956 1568 1000 1608 me
1011 1548 1144 1626 contraiit,
1156 1550 1270 1628 suadeo,
1282 1568 1331 1610 cu-

249 1652 296 1710 ius
308 1669 413 1711 causas
424 1653 484 1711 iam
494 1652 564 1712 hino
574 1630 678 1731 incipit
688 1653 716 1711 ei
727 1670 883 1729 exponere.
901 1652 1008 1712 Adhuc
1018 1653 1097 1711 enim
1108 1657 1205 1712 orator
1215 1653 1330 1730 patriae

250 1757 418 1830 civiumque
445 1774 566 1816 causam
583 1774 675 1830 agens
697 1757 826 1815 omnium
847 1757 938 1816 saluti
964 1774 1085 1818 neeesse
1108 1775 1174 1817 esse
1192 1757 1330 1836 ostendit,

249 1865 284 1919 ut
300 1860 439 1938 Catilina,
471 1879 561 1935 quum
589 1860 752 1922 interficere
783 1878 851 1920 eum
864 1861 994 1920 nondum
1010 1863 1084 1922 utile
1105 1863 1271 1941 arbitretur,
1293 1881 1331 1921 ex

249 1962 322 2022 urbe
351 1967 446 2041 exeat,
478 1962 567 2038 idque
594 1963 704 2023 Consul
721 1964 836 2024 hostem
853 1965 944 2024 iubet.
985 1966 1050 2024 Iam
1070 1984 1150 2046 vero,
1171 1968 1257 2044 quasi
1285 1983 1330 2025 11-

248 2068 405 2127 veritatem
433 2085 516 2127 suam
540 2070 702 2148 remittens,
733 2071 792 2147 ipsi
819 2069 967 2130 Catilinae
992 2088 1107 2147 quoque
1138 2072 1329 2132 utilissimum

249 2173 323 2232 illud
354 2172 415 2232 fore
437 2175 533 2251 eoepit
550 2174 759 2235 demonstrare.
802 2172 889 2246 Quod
907 2175 976 2234 dum
996 2176 1131 2235 omnibus
1152 2177 1247 2236 modis
1264 2195 1329 2254 per-

249 2277 374 2337 suadere
403 2278 431 2337 ei
452 2278 529 2337 velle
547 2277 672 2355 videtur,
694 2279 769 2337 mira
787 2282 850 2337 arte
867 2277 1016 2338 hominem
1036 2283 1151 2354 tractat,
1173 2284 1204 2338 et
1220 2279 1329 2356 partim

250 2384 358 2440 sortem
379 2381 443 2438 eius
464 2380 703 2458 commiserando,
725 2382 772 2439 eui
794 2383 893 2440 nullus
913 2383 945 2440 in
965 2383 1037 2442 urbe
1058 2382 1229 2442 remanendi
1246 2383 1328 2443 locus

248 2483 369 2542 relictus
396 2483 443 2560 sit,
474 2484 582 2559 partim
614 2483 802 2543 convitiando
834 2490 923 2560 atque
941 2487 1052 2546 atrocia
1072 2491 1103 2547 et
1123 2487 1253 2547 nefanda
1272 2488 1327 2548 cri·

247 2585 328 2643 mina
359 2586 387 2644 ei
411 2585 584 2662 obiiciendo,
612 2587 700 2645 simul
727 2587 893 2647 auditorum
925 2590 992 2648 odio
1020 2596 1051 2650 et
1078 2594 1239 2654 contemtui
1260 2609 1325 2653 eum

247 2690 347 2767 tradit,
369 2691 456 2748 simul
474 2708 589 2749 omnem
605 2707 688 2767 spem
706 2708 859 2752 successus
887 2694 918 2751 in
935 2695 1007 2754 urbe
1029 2700 1161 2758 manenti
1178 2700 1207 2759 ei
1224 2698 1328 2758 adimit

248 2799 278 2855 et
296 2794 335 2852 ad
356 2794 591 2871 desperationem
615 2812 733 2855 suarum
760 2815 857 2856 rernm
874 2798 1033 2860 adductum
1051 2801 1185 2880 impellit,
1206 2807 1240 2862 ut
1261 2820 1327 2862 con-

247 2898 346 2957 silium
363 2898 567 2976 proficiscendi
587 2904 724 2960 maturet.
766 2901 830 2961 Nec
850 2901 959 2963 frustra
977 2903 1096 2977 quidem
1113 2908 1250 2964 conatum
1261 2922 1328 2966 esse

247 3007 392 3087 oratorem
418 3003 570 3064 videmus:
602 3022 671 3064 nam
702 3022 792 3079 quum
827 3005 912 3064 finita
941 3006 1072 3065 oratione
1101 3024 1266 3082 expurgare
1294 3026 1327 3069 se

246 3107 326 3183 apud
343 3112 494 3166 senatores
515 3125 551 3166 ao
572 3106 757 3164 dissimulare
775 3106 930 3184 coepisset,
951 3124 1051 3166 omnes
1069 3109 1097 3166 ei
1118 3109 1327 3192 obstrepuisso,

246 3209 343 3284 ipsum
367 3213 466 3268 autem
497 3224 586 3282 quum
618 3206 687 3265 inde
718 3205 836 3264 domum
864 3223 896 3266 11
919 3208 1122 3290 proripuisset,
1153 3212 1257 3274 eadem
1274 3215 1328 3275 illa

246 3314 332 3368 nocte
349 3312 381 3368 in
401 3310 545 3368 Malliana
565 3312 663 3369 castra
683 3309 846 3386 profectum
863 3328 939 3391 esse,
961 3314 1087 3389 legimus
1104 3317 1184 3395 apud
1204 3318 1327 3380 Sallust.

245 3432 309 3491 cap.
331 3416 380 3492 31,
401 3415 449 3473 32.

286 3621 307 3697 ξ
331 3624 378 3680 14.
399 3625 488 3680 ritorto
509 3619 667 3697 superioris
687 3620 788 3679 uaeris
808 3656 849 3666 —
868 3624 1082 3700 aamefecisaes.
1126 3629 1207 3703 „Hoc
1224 3635 1325 3692 tamen

245 3742 304 3784 non
335 3725 406 3784 fecit
432 3732 530 3803 morte,
558 3726 611 3785 sed
628 3744 695 3784 raeco
712 3716 813 3786 uxoris
830 3729 931 3788 suae.'⁷
952 3729 989 3788 R.
1010 3732 1153 3792 -Idem
1174 3736 1265 3795 sentit
1281 3737 1326 3814 B,

244 3828 384 3902 quoniam
403 3844 472 3885 mox
493 3833 633 3901 sequatur
655 3828 706 3888 laec
728 3828 828 3907 scelos,
851 3847 941 3905 seque
962 3830 1080 3892 facilius
1102 3835 1231 3895 latinum
1241 3837 1323 3916 dicit,

244 3932 270 3991 si
302 3929 388 3988 morti
415 3930 572 3990 adderetur
606 3931 726 4006 aliquod
750 3933 928 3994 adiunctum.
969 3935 1036 3995 Etsi
1066 3955 1126 3997 non
1156 3958 1232 4014 nego
1262 3943 1324 4001 vio·

242 4037 354 4096 lentam
372 4038 494 4095 mortem
515 4035 634 4111 saepius
652 4053 748 4094 aecem
764 4038 813 4096 111
831 4039 946 4097 cosdem
962 4038 1030 4119 dici,
1051 4060 1110 4101 non
1128 4043 1237 4105 desunt
1257 4047 1323 4124 loci,

244 4140 351 4215 quibus
361 4138 508 4216 probetur,
528 4136 651 4196 eandem
663 4139 754 4198 etiam
764 4141 906 4200 vocabulo
917 4150 1014 4222 morte,
1026 4146 1090 4206 sine
1100 4149 1162 4206 ullo
1172 4149 1323 4228 attributo,

242 4242 376 4321 indicari,
407 4243 433 4300 si
457 4243 506 4301 vel
524 4246 625 4301 auctor
642 4242 776 4322 addatur,
797 4244 846 4304 vel
867 4246 949 4305 aliud
965 4246 1044 4307 unde
1061 4249 1092 4307 vi
1115 4250 1231 4311 illatam
1247 4267 1323 4312 mor-

243 4354 303 4408 tem
332 4344 491 4421 significari
512 4352 663 4424 appareat.
706 4345 787 4407 Orat.
808 4347 873 4407 Cat.
891 4348 983 4426 1ᾘῇ
1014 4352 1066 4409 20:
1100 4370 1203 4435 ,mora
1235 4372 1324 4434 quam
