3086 5192
754 473 794 530 97

231 632 365 713 equitem,
387 631 490 694 eodem
507 631 570 693 iure
587 631 656 691 dici:
678 635 793 691 tantam
813 630 846 688 io
864 608 995 689 monitae
1017 627 1175 690 hortatore
1197 646 1318 691 eonsen-

230 740 352 800 eionem.
394 735 460 811 Quo
492 736 578 798 modo
606 741 706 798 autem
726 736 776 796 hic
794 734 854 796 dici
873 733 983 812 possit:
1006 739 1118 794 teotolo
1136 733 1170 793 io
1190 734 1320 796 maoibm

232 842 371 903 tencrone
391 840 611 920 coeeseose'oaem²
632 840 711 919 quod
724 838 829 900 Bootio
855 837 982 916 videtur,
1002 856 1061 898 non
1081 838 1178 899 video.

276 1049 419 1112 Catilinae
436 1049 624 1129 profectione.
668 1049 833 1125 „Profectio
864 1050 957 1110 multo
975 1048 1149 1110 honestiore
1168 1066 1254 1108 senso
1274 1065 1320 1108 so-

231 1155 274 1215 let
303 1153 407 1232 accipi,
438 1171 528 1231 quam
555 1153 606 1230 qui
628 1153 660 1212 in
684 1152 844 1214 Catilinam
876 1152 994 1214 cadat.''
1015 1153 1052 1212 R.
1070 1184 1112 1196 -
1132 1150 1212 1225 Quid
1230 1151 1322 1226 igitur

232 1254 391 1317 dicendum
406 1259 480 1333 erat,
511 1255 590 1333 quod
611 1256 642 1315 in
663 1255 824 1316 Catilinam
841 1254 986 1316 caderet?
1028 1255 1109 1314 Num
1127 1253 1258 1314 coneilio?
1280 1252 1323 1314 At

232 1361 264 1421 in
285 1359 424 1420 exsilium
440 1358 627 1419 nociturum
655 1359 715 1418 iam
735 1359 811 1418 satis
832 1358 996 1420 constabat.
1016 1355 1321 1436 Audiscesso,otito?

232 1464 274 1521 At
291 1478 396 1538 parum
428 1465 480 1522 aut
510 1459 587 1520 nihil
606 1459 662 1520 hoe
683 1460 800 1520 differre
821 1479 840 1519 a
858 1459 1039 1538 profectione
1066 1459 1201 1537 plurimis
1223 1477 1321 1520 exem·

232 1563 292 1641 plis
314 1562 433 1642 probari
449 1567 557 1642 potest,
578 1562 825 1641 quemadmodum
845 1563 877 1624 in
898 1562 1099 1624 honoratione
1115 1564 1199 1624 nullo
1219 1563 1321 1623 discri-

231 1667 312 1728 mine
331 1667 486 1730 dicuntur:
519 1666 625 1747 eqrede‘,
643 1666 828 1746 proficisct§
852 1670 899 1747 10,
921 1667 1039 1747 eatre§
1067 1669 1115 1747 13,
1136 1666 1320 1747 discederess

233 1772 281 1849 18,
310 1770 391 1830 edire
419 1770 439 1849 ξ
472 1773 521 1850 20,
542 1775 598 1834 cet.
639 1770 691 1830 Sic
719 1768 801 1831 Crat.
822 1770 902 1829 Phil.
932 1771 958 1850 Ι,
980 1773 1018 1830 1:
1041 1770 1215 1850 „Exponam
1234 1770 1321 1831 vobis

233 1876 365 1937 breviter
396 1876 552 1938 consilium
581 1881 611 1938 et
639 1874 829 1955 profectionis
854 1880 885 1936 et
907 1864 1085 1937 reversionis
1102 1876 1215 1954 meae,”
1237 1875 1323 1937 etde

234 1981 340 2043 eadem
360 2000 393 2041 re
414 1981 445 2041 in
466 1981 524 2042 fine
547 2000 572 2042 a
594 1984 629 2041 2:
653 1998 707 2055 „ea
716 1984 815 2041 mente
830 1979 977 2041 discessi.''
997 1979 1083 2042 Caes.
1095 1981 1129 2040 B.
1140 1978 1174 2041 C.
1192 1980 1217 2060 1,
1231 1983 1279 2058 27,
1291 1983 1322 2039 2:

236 2085 414 2163 „Pompeius
445 2085 511 2145 sivo
538 2083 676 2163 operibus
707 2081 845 2143 Caesaris
865 2088 1025 2162 permotus,
1046 2084 1110 2143 sive
1131 2083 1222 2145 etiam
1242 2082 1322 2160 quod

231 2189 269 2249 ab
280 2189 366 2251 initio
382 2189 473 2250 ltalia
489 2188 623 2248 accedere
643 2188 845 2266 constituerat,
876 2187 1008 2247 adventu
1023 2187 1145 2247 navium
1163 2187 1318 2265 prosectio-

196 2282 198 2288 ’
232 2310 420 2371 temperare
442 2292 547 2371 incipit
575 2298 614 2372 et,
646 2309 704 2369 quo
725 2292 843 2353 facilius
864 2292 1007 2370 impetmn
1025 2291 1163 2353 Caesarie
1180 2292 1321 2371 tardaret,

231 2414 269 2458 no
284 2397 340 2457 sub
361 2398 429 2475 ipsa
439 2396 618 2474 profectione
637 2397 748 2457 milites
769 2396 909 2474 oppidum
930 2396 1137 2475 irrmnpereut,
1157 2397 1319 2475 portasob-

231 2499 338 2561 struit'
363 2504 419 2562 oet.
461 2499 511 2560 Sic
531 2517 621 2577 saepe
635 2499 738 2560 Cicero
752 2503 783 2559 et
803 2498 865 2576 alii,
897 2502 986 2574 atque
1011 2499 1101 2559 etiam
1130 2499 1167 2560 de
1186 2497 1318 2559 casalem

231 2602 464 2664 revocamine
480 2603 624 2665 vocabulo
645 2603 739 2664 utitur
752 2603 854 2680 Nepos
865 2602 903 2661 V.
924 2602 1027 2679 Pelop.
1049 2604 1078 2681 3,
1097 2604 1128 2662 2.

269 2810 430 2889 patefacto,
458 2809 618 2889 illustrato,
650 2829 795 2889 oppresso,
826 2811 982 2872 vindicate.
1027 2813 1121 2887 „Bina
1147 2813 1253 2874 ultima
1270 2831 1320 2875 su·

230 2929 419 2993 pervacauca
440 2912 538 2973 sunt.’'
559 2914 596 2973 R.
624 2945 665 2955 —
684 2913 829 2991 Ejusdem
846 2915 964 2988 generis
984 2914 1060 2975 haec
1077 2919 1147 2976 suut
1163 2934 1199 2977 ac
1220 2916 1240 2995 ἓ
1264 2920 1319 2978 1οι

233 3035 310 3093 „non
330 3016 433 3095 ieram,
454 3033 514 3075 non
545 3015 651 3094 patiar,
672 3032 732 3075 non
753 3015 878 3076 sinam.''
899 3017 968 3078 vide
994 3035 1071 3094 quae
1088 3017 1218 3078 diximus
1235 3019 1255 3098 ξ
1279 3022 1319 3080 32

230 3121 269 3181 ad
289 3120 383 3183 verba
403 3137 486 3180 moro
507 3124 702 3180 secmocotor.
744 3118 804 3181 sec
829 3138 906 3197 quae
925 3119 956 3181 h.
973 3121 994 3181 l.
1015 3120 1153 3185 dicantur
1169 3123 1320 3186 luculento

231 3228 405 3301 argumento
437 3240 505 3285 esse
532 3221 684 3284 contendit
708 3223 758 3302 R„
786 3240 872 3303 pacm
904 3231 987 3303 torpe
1015 3225 1112 3285 adhoc
1141 3225 1213 3286 oe‘re'r
1230 3226 1321 3289 doctis

230 3330 395 3409 irrepose'tom
414 3328 463 3409 stt,
483 3328 533 3408 poi
551 3328 627 3388 heac
648 3327 806 3388 orationem
824 3329 981 3406 pecuinam
1003 3348 1063 3390 erre
1083 3330 1318 3394 eaistimooeeieet.

230 3434 375 3496 Constare
405 3432 485 3494 enim
512 3432 591 3493 inter
614 3448 724 3510 omnes,
756 3430 954 3492 cretionemo
987 3430 1120 3493 Cicerone
1137 3451 1196 3494 esre
1214 3434 1321 3496 editam

229 3536 379 3617 eliquanto
396 3543 463 3615 post
483 3535 718 3597 coniurationem.
757 3536 838 3611 Ergo
860 3535 1079 3614 „imprudenter
1094 3539 1236 3600 mentitur
1252 3558 1318 3617 per·

229 3647 352 3703 senatus
370 3640 484 3717 Cicero,
505 3640 557 3717 qui
576 3639 653 3700 haec
668 3640 705 3699 P.
719 3638 753 3700 C.
774 3638 968 3718 polliceatur:
989 3645 1023 3698 ot
1036 3637 1216 3716 profectione
1240 3638 1317 3700 Coti-

233 3745 312 3805 le'ooe
327 3744 425 3805 mucio
442 3743 594 3822 patefacta
611 3749 667 3805 cet.
709 3746 788 3805 Nam
809 3747 925 3805 constat
946 3744 1178 3807 coniurationem
1195 3750 1258 3806 tum
1269 3746 1319 3808 de-

231 3868 311 3910 mum
338 3849 519 3929 patefactam
550 3865 625 3928 esse,
657 3866 746 3926 quum
778 3848 1007 3923 Allobrogibus''
1029 3854 1060 3910 et
1081 3849 1126 3910 sio
1145 3868 1240 3929 porro.
1260 3850 1318 3914 Cui

228 3960 309 4017 recte
330 3954 433 4016 obiicit
453 3955 498 4033 Β,
519 3952 575 4015 hoc
595 3955 694 4031 potius
715 3953 825 4016 indicio
846 3971 921 4035 esse,
941 3973 1012 4016 vere
1030 3973 1049 4014 a
1068 3956 1210 4017 Cicerone
1231 3956 1315 4018 habi-

229 4062 291 4119 tam
308 4074 375 4118 esse
391 4056 469 4116 hanc
486 4055 657 4136 orationem,
678 4073 767 4134 quam
784 4056 930 4121 arhetorc
947 4057 1055 4139 fictam,
1077 4058 1126 4138 qai
1137 4075 1209 4138 quoe
1216 4066 1317 4136 posteo

229 4161 311 4238 fecte
332 4167 433 4241 creent,
451 4161 540 4239 prote
551 4160 637 4221 eoiret
654 4168 681 4220 et
701 4161 737 4221 od
759 4161 814 4222 lzoc
825 4168 982 4242 temporam
999 4162 1167 4239 coosoetooc
1185 4163 1313 4224 cavaret.

228 4269 385 4331 Postrema
403 4272 504 4330 tamen
524 4266 616 4328 verba
637 4285 704 4328 mea
724 4285 783 4327 uon
803 4266 889 4348 facio,
910 4269 963 4330 sed
983 4270 1016 4330 in
1034 4287 1069 4330 eo
1079 4269 1207 4330 maxime
1218 4288 1316 4334 errare

229 4375 404 4439 Rinkesium
422 4376 519 4452 video,
540 4374 619 4452 quod
641 4374 771 4436 ablativo
790 4373 968 4449 profectione
989 4381 1097 4453 tenipus
1117 4376 1242 4435 indicari
1263 4396 1316 4456 pu·

1187 4483 1205 4537 7
