3086 5192
748 473 786 533 55

224 633 309 694 venit
337 638 426 711 atquc
450 634 528 695 inter
552 639 704 694 senatores
732 631 858 692 adsedit:
889 633 968 710 quod
999 636 1032 692 ut
1050 632 1240 692 vehementer
1257 632 1311 692 hos

225 741 352 800 movisse
374 740 548 818 videmus&
571 743 618 819 16,
641 740 684 799 sic
701 738 770 797 illos
792 738 882 798 etiarn
913 740 965 814 qui
986 743 1121 798 senatum
1142 738 1310 798 circumsta-

223 849 289 903 rent
306 845 345 904 ad
374 845 608 919 indignationem
634 848 723 920 atque
746 844 820 901 iram
841 843 990 921 incitasse,
1012 860 1071 902 non
1092 843 1236 919 estquod
1258 842 1310 901 du·

223 948 359 1010 ditemus.
401 948 588 1025 Quamquam
604 947 677 1006 mihi
699 947 815 1007 animus
834 948 957 1009 inclinat
978 946 1148 1024 utcnedam,
1169 946 1309 1023 quemadu

223 1053 341 1112 modum
372 1052 494 1113 ansari
522 1056 681 1112 exsenatu
697 1051 861 1126 egredienti
883 1052 999 1128 equites
1026 1051 1181 1110 nonnullos
1209 1049 1311 1125 gladio

224 1158 374 1216 minitatus
395 1174 461 1216 esse
477 1156 604 1230 legimus
625 1155 706 1233 apud
727 1153 849 1214 Sallust.
882 1155 916 1213 Β.
937 1154 971 1214 G.
992 1158 1040 1232 49,
1062 1156 1105 1214 sic
1123 1154 1191 1213 illos
1212 1154 1308 1229 ingre·

223 1259 352 1320 dientem
372 1259 532 1319 Catilinam
556 1277 592 1318 00
604 1257 781 1335 permedios
799 1261 918 1316 euntem
936 1256 1188 1317 exsecrationibus
1209 1255 1309 1313 minis·

223 1379 278 1438 que
307 1379 373 1421 esse
401 1366 579 1440 persecutos,
607 1363 651 1420 ita
678 1364 712 1419 ut
740 1361 820 1418 intus
841 1360 943 1419 videre
961 1365 1050 1436 atque
1068 1360 1171 1420 audire
1188 1362 1310 1434 possent

222 1458 332 1523 Consul
361 1468 390 1523 et
416 1467 576 1525 senatores.
609 1460 696 1535 Quod
714 1461 839 1521 suadere
862 1463 951 1521 etiam
969 1462 1107 1523 videntur
1124 1462 1178 1520 1110
1198 1462 1308 1521 verba:

225 1585 364 1644 „qnorum
392 1573 425 1628 tu
447 1574 478 1628 et
498 1568 695 1644 frequentiam
721 1566 823 1627 videre
843 1570 874 1626 et
895 1567 995 1627 studia
1012 1569 1180 1644 perspicere
1197 1598 1237 1609 -
1257 1582 1308 1641 po·

220 1670 338 1729 tuisti.''

584 1881 822 1946 CAPUT
870 1883 931 1945 IX.

675 2107 840 2120 ———

260 2285 405 2361 52110
436 2289 467 2341 01
484 2282 577 2342 ollam
609 2282 744 2342 0000111000
765 2282 877 2360 copitar.
922 2281 1004 2355 ,Hoc
1024 2279 1150 2339 latinum
1171 2290 1306 2363 nonest,

220 2404 271 2445 000
292 2386 351 2445 dici
368 2392 482 2463 potest;
504 2387 643 2446 exsilium
665 2387 743 2446 enim
774 2387 902 2463 ponitur,
925 2383 991 2442 11001
1010 2400 1174 2460 perperam,
1195 2383 1305 2460 ubique

216 2506 237 2549 a
258 2494 358 2549 nostro
377 2507 433 2565 pro
455 2507 494 2567 eo,
514 2489 713 2567 0001000000
736 2489 795 2549 1000
817 2494 876 2555 001,·
899 2491 931 2546 01
948 2485 1023 2545 illud
1044 2503 1102 2544 non
1121 2486 1305 2559 cogitamnst

217 2595 285 2671 0010
304 2613 332 2654 v.
355 2613 380 2654 0.
402 2612 532 2671 unquam
544 2612 700 2673 carcerem,
720 2595 788 2670 quis
798 2592 919 2652 vincula
930 2592 979 2651 vel
990 2591 1114 2650 verbera
1124 2589 1306 2665 cogitavitn’

218 2694 256 2754 R.
274 2727 317 2764 ‚-
336 2695 475 2772 Attende,
496 2714 616 2773 quaeso,
637 2713 725 2773 quarn
739 2699 909 2755 constanter
925 2694 977 2752 1110
994 2693 1114 2770 iudicet,
1135 2694 1186 2771 qui
1196 2696 1304 2754 testem

217 2797 354 2873 quamvis
371 2796 524 2875 improbet,
546 2798 678 2857 eiusdeln
695 2802 795 2857 tamen
816 2797 1002 2872 potissimum
1030 2796 1152 2855 damnet
1173 2797 1305 2858 testimo·

216 2901 284 2959 niol
326 2899 393 2958 Etsi
426 2900 513 2978 enim,
539 2901 617 2976 quod
638 2900 714 2959 falso
736 2900 881 2976 opinatur,
907 2900 1020 2975 ubique
1040 2900 1079 2958 ab
1101 2901 1303 2961 000100000οἰ-

215 3004 289 3063 lium
303 3020 418 3079 poenae
436 3004 499 3063 1000
518 3004 621 3063 haberi
636 3005 746 3081 culpat,
767 3008 868 3062 tamen
889 3001 993 3060 eodem
1014 3009 1187 3077 argumento
1211 3005 1306 3064 utitur

216 3106 256 3165 ad
266 3106 527 3166 demonstrandum
548 3106 684 3165 curiliano
702 3106 828 3182 capitone
845 3105 971 3164 latinum
988 3121 1047 3163 non
1068 3122 1143 3185 esse,
1165 3107 1236 3182 quia
1253 3123 1303 3166 ne-

213 3225 264 3269 mo
294 3210 405 3282 cogitet
436 3224 579 3268 carcerem
606 3209 651 3268 001
681 3208 807 3268 nabere.
849 3207 909 3267 Sed
929 3225 1084 3284 perperam
1111 3208 1208 3284 ipsum
1228 3209 1303 3269 illud

216 3311 291 3369 vitio
312 3309 383 3370 dare
405 3313 522 3390 oratori,
554 3330 650 3388 neque
678 3312 760 3372 aliud
781 3312 843 3371 fere
864 3311 944 3388 apud
965 3329 1032 3371 eum
1058 3310 1193 3370 00011100
1227 3313 1302 3372 indi·

213 3431 293 3491 care,
315 3413 374 3472 nisi
391 3413 495 3489 sapam
508 3418 539 3474 01
559 3414 669 3473 aditam
690 3413 822 3491 epatris
842 3415 952 3491 optime
973 3415 1074 3475 docuit
1090 3416 1221 3474 Bootins.
1243 3417 1304 3475 Vix

212 3515 377 3592 quidquam
398 3517 490 3591 igitm·
509 3518 625 3579 differre
647 3518 731 3578 vides
748 3518 822 3578 haec
839 3520 931 3577 verba
952 3518 990 3577 ab
1011 3519 1050 3577 iis
1071 3536 1148 3594 quae
1168 3521 1300 3596 proxime

215 3620 407 3696 praecedunt:
421 3625 473 3694 ,tn
490 3627 523 3681 ut
541 3623 633 3680 ullam
653 3622 754 3695 fugam
769 3620 948 3698 meditene;'⁷
970 3626 1003 3680 ut
1020 3622 1186 3684 mirandum
1206 3642 1302 3701 paene

214 3724 255 3784 sit
274 3742 427 3785 censorem
447 3742 507 3783 non
534 3725 683 3785 iudicasse
714 3726 814 3801 potius
840 3725 1014 3785 alterutrum
1045 3727 1163 3800 glossae
1191 3729 1301 3809 deberi,
1396 3788 1399 3793 ,

212 3843 303 3902 quam
325 3826 450 3886 alterum
471 3827 596 3886 latinum
613 3845 672 3887 non
693 3843 767 3887 0000.

254 4038 363 4110 quanta
384 4039 535 4109 tenpestas
552 4033 688 4093 incidiae.
709 4034 778 4093 Non
796 4033 936 4107 intelligit
957 4035 994 4094 R.
1016 4036 1300 4109 ,undeillainvidia

212 4154 292 4199 nnnc
318 4143 380 4199 tam
409 4138 506 4197 subito
534 4139 660 4216 pullulet
690 4138 801 4198 rhetori
820 4140 950 4217 nostro,'’
973 4144 1004 4198 et
1024 4141 1155 4218 miratur,
1177 4157 1229 4199 cur
1249 4136 1319 4215 qui'

214 4240 382 4319 Catilinam,
415 4257 501 4317 quem
532 4259 569 4301 ex
602 4241 671 4301 iloto
688 4241 852 4301 interficere
870 4243 933 4301 iure
951 4248 1061 4320 posset,
1082 4243 1201 4319 impune
1220 4242 1301 4302 abire

218 4343 357 4420 patiatur,
391 4344 435 4417 ,is
464 4362 529 4404 eam
550 4349 663 4405 metuet
685 4343 815 4404 invidiae
836 4349 1051 4424 tempestatem,
1073 4362 1145 4424 0000
1166 4346 1302 4407 0000001-
