3086 5192
776 440 816 498 80

257 617 314 659 non
357 598 543 672 effugiturum
574 614 649 675 esse,
687 596 820 672 rogando
848 596 1028 673 Respublica
1056 597 1202 656 affirmare
1231 595 1339 657 studet.

257 700 343 775 Quod
361 707 459 761 autem
481 699 652 779 dicitquod
675 699 769 758 oritur
790 717 825 756 ec
855 698 931 759 uuule
953 699 1051 778 suetis,
1072 698 1283 775 ignoscendum
1298 700 1340 787 ,ei

256 822 323 865 1111
346 804 472 882 videtur,
490 804 564 879 ‚quia
583 820 737 880 perperam
757 801 856 862 verbis
881 801 1004 861 iuertiue
1025 819 1059 862 uc
1087 802 1231 881 nequitiae
1248 803 1340 880 turpi·

257 905 369 966 tudinis
389 904 537 965 notionem
552 904 664 982 tribuit,
685 907 719 964 nt
742 909 822 964 recte
841 903 1011 964 observavit
1038 905 1073 964 B.
1114 904 1197 965 Idem
1221 905 1341 965 demon·

256 1010 363 1068 stravit
381 1011 461 1067 reete
478 1007 537 1066 dici
555 1005 682 1066 iuuidiue
703 1006 836 1066 iueeudio
854 1007 1056 1084 coufloprure:
1083 1025 1142 1084 quo
1169 1008 1265 1083 magis
1286 1008 1340 1068 mi·

258 1127 306 1172 ror
322 1109 513 1170 nihilominus
530 1126 598 1169 eum
625 1109 783 1187 suspicari:
816 1107 960 1183 ,inuidiae
980 1125 1046 1169 esse
1072 1106 1181 1169 falsum
1198 1108 1343 1188 interpre-

258 1218 421 1276 tamentum
441 1230 530 1273 verae
547 1212 629 1272 vocis
649 1210 730 1271 illo.'’
773 1210 823 1272 Sic
844 1213 923 1272 enim
948 1213 1026 1290 perit
1053 1213 1148 1274 omnis
1176 1212 1280 1292 figura,
1311 1219 1343 1275 et

259 1317 362 1379 Cicero
388 1316 421 1375 in
444 1333 480 1376 eo
503 1315 582 1375 bello
602 1315 751 1393 periturus
768 1319 799 1375 et
818 1332 879 1373 una
900 1332 966 1374 cum
993 1316 1081 1375 tectis
1108 1313 1342 1390 conflagraturos

260 1437 327 1481 esse
350 1418 466 1480 dieitur.
509 1418 588 1479 Nam
610 1416 690 1494 quod
707 1414 808 1494 credit,
836 1415 881 1477 sic
903 1416 982 1477 hanc
1008 1418 1078 1477 nos
1094 1417 1248 1478 habituros
1275 1433 1342 1478 esse

261 1524 450 1586 sententiam:
475 1520 595 1596 „Nouae
615 1520 769 1582 existimas
785 1518 838 1578 illo
859 1520 1002 1581 communi
1022 1520 1158 1581 incendio
1175 1526 1255 1581 tuum
1275 1539 1342 1599 queo-

261 1647 315 1708 pue
331 1627 443 1703 fumum
459 1630 663 1702 consumptum
684 1623 764 1683 iri?''
785 1623 839 1685 tali
871 1623 958 1685 modo
975 1629 1108 1686 veterum
1123 1625 1235 1702 scripta
1252 1624 1342 1685 inter·

260 1732 371 1808 pretari
387 1748 434 1793 me
454 1748 513 1792 non
533 1729 641 1791 audere
658 1728 761 1789 fateor.

623 2016 856 2084 CAPUT
904 2014 983 2083 XII.

701 2225 912 2239 m

304 2356 445 2417 meatibus
473 2372 570 2433 puueu
594 2358 775 2432 respoudebo.
800 2359 897 2433 ,Novi
918 2358 989 2434 quid
1011 2375 1029 2418 a
1049 2355 1166 2417 rhetore
1183 2354 1344 2433 inventiam

264 2476 334 2519 nam
361 2459 488 2518 solemus
515 2459 611 2519 solum
639 2458 676 2519 iis
706 2459 893 2540 respondere,
913 2461 965 2536 qui
986 2459 1077 2520 locuti
1098 2464 1176 2537 sunt,
1196 2458 1346 2518 nonalia

264 2576 329 2620 rum
356 2559 532 2620 mentibus.''
564 2561 600 2619 R.
632 2594 673 2605 —
704 2560 737 2621 Si
768 2562 899 2636 cogitare
923 2566 1002 2622 recte
1019 2560 1129 2622 dicitur
1145 2579 1240 2621 seeum
1261 2560 1347 2638 loqui,

265 2679 421 2740 possumus
439 2679 535 2738 aeque
555 2663 694 2724 mentium
711 2664 938 2744 capitutiouibua,
960 2667 986 2725 si
1006 2667 1092 2726 modo
1110 2668 1246 2742 cognitae
1263 2665 1348 2725 nobis

265 2766 334 2844 sint,
365 2764 552 2845 respondere,
579 2784 615 2826 ac
638 2766 751 2828 uocibus
781 2767 964 2847 loquentium,
996 2769 1075 2845 quod
1106 2770 1196 2830 etiam
1213 2768 1349 2833 Bootium

266 2869 418 2929 verissime
440 2869 597 2931 observare
618 2871 714 2932 video.
757 2871 863 2932 Orator
879 2878 978 2933 autem
1000 2891 1101 2933 eorum
1115 2872 1263 2932 leomarum
1272 2890 1349 2931 uuu-

267 2974 343 3035 tibus
374 2992 407 3035 so
434 2992 643 3054 responsmum
674 2977 754 3057 dicit,
786 2995 910 3055 quornm
931 2977 1072 3037 seutentiu
1102 2979 1260 3038 conveniat
1284 2994 1351 3037 oum

266 3078 379 3139 uocibus
403 3077 596 3159 Reipublicae,
627 3097 702 3155 quas
739 3082 801 3142 alta
824 3098 897 3140 voce
924 3082 1109 3157 recitaverat,
1130 3096 1265 3155 quaeque
1283 3078 1351 3140 ideo

266 3188 298 3246 11
328 3183 387 3261 ipsi
417 3190 448 3243 11
475 3185 659 3245 auditoribus
680 3185 816 3260 cognitae
834 3189 927 3246 erant.
969 3184 1027 3243 Vel
1048 3183 1147 3260 potius
1174 3183 1230 3243 ita:
1251 3183 1352 3244 tacitis

267 3285 504 3364 cogitationibus,
532 3305 607 3363 quas
639 3288 670 3347 in
697 3290 848 3349 hominum
870 3288 1052 3367 quorundum
1079 3287 1227 3348 mentibus
1254 3287 1353 3349 inesse

267 3389 424 3466 intellexit,
445 3387 570 3449 tortasse
588 3390 678 3450 etiam
695 3394 901 3452 nonnullorum
919 3393 1112 3471 sermonibus,
1132 3394 1184 3470 qui
1205 3394 1233 3453 ei
1251 3393 1291 3453 ad
1301 3410 1352 3452 au·

268 3509 316 3554 res
342 3496 494 3572 venerant,
526 3509 599 3569 quos
623 3492 683 3553 iam
715 3493 771 3553 sub
798 3510 925 3570 persona
953 3493 1148 3571 Reipublicae
1176 3495 1353 3572 1111111111-

269 3595 398 3673 gandum
416 3595 448 3655 111
464 3594 594 3657 medium
614 3596 745 3675 protulit,
767 3595 965 3673 respondebit.

310 3804 350 3862 ud
370 3804 528 3863 uiuendum.
553 3806 653 3881 ,Haec
674 3826 753 3868 voco.
766 3808 946 3869 abundant.''
968 3812 1005 3870 R.
1026 3842 1066 3854 ·-
1086 3810 1177 3870 onius
1189 3812 1353 3873 sententiae

271 3904 414 3966 accedens
445 3906 479 3965 B.
504 3906 579 3968 haec
606 3910 849 3970 vocabulauncis
871 3912 1002 3990 includit,
1024 3920 1056 3972 ut
1077 3914 1235 3973 oratioueuu
1255 3914 1355 3974 iuutu'li

272 4010 467 4071 additamento
493 4010 599 4092 liberet,
631 4016 807 4075 auctoritate
833 4023 991 4095 permotus,
1018 4022 1051 4078 ut
1078 4017 1204 4097 videtur,
1235 4019 1353 4094 Donati,

272 4115 323 4190 qui
340 4113 379 4172 ad
400 4114 469 4174 Ter.
492 4114 584 4174 Andr.
602 4116 639 4194 V,
662 4119 689 4193 9,
712 4120 759 4195 24,
780 4116 859 4179 hune
879 4120 974 4180 locum
995 4120 1121 4180 laudans
1142 4122 1240 4181 omisit
1258 4122 1296 4179 od
1313 4121 1352 4178 ui-

272 4216 402 4277 ueuduuu.
445 4216 486 4280 At
506 4236 565 4279 non
581 4220 645 4280 sine
660 4237 751 4279 causa
772 4221 890 4297 quidem
907 4222 958 4282 ille
977 4223 1087 4301 omisit,
1109 4242 1178 4283 nam
1198 4227 1354 4303 postquam

273 4319 364 4379 verba
393 4320 470 4377 111111
497 4325 598 4379 tutatur
625 4339 779 4398 perperam
811 4324 1021 4400 interpretatus
1052 4329 1112 4385 est:
1148 4325 1255 4399 „uiuut:
1277 4323 1355 4385 unda
