3086 5192
743 464 781 520 79

220 624 263 683 iia
293 624 412 702 iudioet,
439 624 550 683 nullam
582 623 682 701 addat,
709 628 743 682 ut
760 628 806 682 est
826 623 857 681 in
874 622 1002 681 Martial.
1031 622 1182 698 Epigram.
1204 623 1228 698 Ι,
1250 620 1298 681 32.

322 727 407 800 „Non
428 743 494 784 amo
514 730 554 803 te,
575 724 687 803 Sabidi,
708 742 763 785 neo
783 741 903 802 possum
920 725 1018 785 dioere
1040 742 1145 803 quare3

338 829 403 888 Hoo
420 833 535 890 tantum
555 845 675 905 possum
696 828 803 906 dicere,
824 846 883 888 non
900 844 967 887 amo
987 828 1047 888 te.'’

217 949 276 991 non
306 931 420 992 habens
448 931 520 1007 qnid
550 930 753 1009 respondeam,
791 947 857 991 oum
894 930 1019 990 Horatio
1043 929 1117 1009 dieo,
1150 929 1242 990 Serm.
1274 931 1299 1009 Ι,

219 1039 246 1113 9,
275 1040 326 1096 71:
360 1036 420 1111 „At
443 1037 484 1095 mi
504 1037 616 1113 placei:
637 1053 702 1096 aum
722 1036 824 1113 paullo
844 1034 993 1113 infirmior,
1014 1053 1091 1096 unua
1112 1034 1298 1096 multorum.''

218 1138 286 1198 Nisi
312 1139 387 1200 forte
411 1140 477 1215 quis
504 1140 655 1200 existimat
681 1156 720 1198 ex
750 1139 797 1216 iis,
818 1155 895 1214 quae
916 1137 1023 1197 deinde
1044 1139 1126 1216 dicit,
1148 1137 1237 1199 huius
1253 1141 1298 1199 rei

216 1259 336 1302 oausam
354 1241 457 1303 uonfiei
476 1259 573 1321 posse,
594 1241 631 1303 de
652 1243 760 1317 qrribus
777 1241 837 1301 iam
857 1241 1021 1301 videamus.

255 1452 382 1511 irinidiue
413 1451 554 1511 inanitio.
589 1452 685 1525 ,Male
699 1451 811 1510 luditur
828 1449 1043 1525 significatione
1065 1468 1128 1511 voa.
1150 1450 1277 1512 inuidiae
1284 1468 1295 1520 ;

215 1556 334 1634 scripsit
361 1555 440 1616 enim
458 1556 478 1633 §
498 1556 550 1615 28:
572 1570 612 1612 au
633 1553 714 1613 times
729 1552 871 1612 inuidiam
888 1552 1066 1630 posteritatis
1086 1554 1106 1611 i.
1128 1571 1154 1613 e.
1172 1554 1296 1632 invidia,

214 1677 292 1736 quae
309 1677 348 1719 ex
364 1663 443 1720 reete
460 1658 547 1718 fantis
564 1658 708 1735 nescitum
731 1660 761 1718 et
778 1657 879 1734 paullo
895 1661 976 1733 poet:
998 1657 1048 1715 aad
1068 1656 1094 1715 ei
1114 1657 1179 1735 quia
1199 1659 1295 1717 estia-

213 1763 308 1825 ridiae
337 1770 438 1842 metue,
456 1780 526 1822 uum
544 1768 586 1821 eet
604 1761 797 1821 urelierueutiur
818 1760 977 1820 seueritatis
998 1777 1032 1821 ue
1049 1761 1233 1836 fortitudinis
1249 1763 1294 1823 iu·

212 1870 291 1931 vidia
310 1904 352 1916 -
368 1867 604 1947 pertinueeauda.
646 1870 733 1929 Nune
750 1867 941 1928 veroinvidia
952 1871 999 1927 est
1016 1867 1092 1927 illud
1106 1868 1206 1928 odium
1216 1870 1295 1946 quod

212 1975 303 2036 oritur
320 1991 358 2034 ex
378 1973 455 2032 male
475 1971 572 2049 raetis,
593 1970 677 2031 euius
693 1970 829 2030 incendio
847 1969 992 2045 quomodo
1013 1970 1080 2045 quia
1091 1964 1293 2051 conflagrabit,

213 2098 303 2155 quum
329 2078 404 2139 haee
435 2077 494 2137 dioi
525 2094 584 2136 non
600 2074 757 2153 possint?”
778 2076 815 2134 R.
836 2106 877 2116 —
897 2076 966 2133 Non
983 2079 1089 2152 orator,
1109 2093 1212 2135 verum
1228 2078 1293 2155 ipse

212 2185 290 2245 male
316 2183 393 2244 ludit
410 2180 625 2257 significatione
645 2179 782 2239 vocabuli
799 2177 934 2257 inuidiae,
956 2196 1045 2254 quam
1065 2197 1119 2257 pro
1139 2181 1235 2243 lubitu
1249 2182 1293 2242 ita

212 2288 350 2367 explieat,
370 2292 404 2349 ut
424 2303 532 2349 oausae
554 2289 748 2363 opportunum
766 2300 831 2344 esee
852 2283 881 2343 ei
903 2283 1029 2344 videtur.
1070 2283 1215 2344 Invidiam
1239 2304 1290 2363 po·

212 2392 351 2452 iteritatis
372 2392 445 2452 dioit
461 2391 604 2452 invidiam
622 2407 696 2468 ease,
718 2406 790 2467 quoe
812 2406 848 2447 eu
868 2387 1190 2463 reatesaetiauasuitur.
1211 2388 1292 2465 Quid

209 2497 329 2557 tandem
360 2495 408 2555 hio
435 2494 523 2556 vult?
553 2492 601 2553 An
621 2492 673 2553 isti
694 2490 784 2552 etiam
801 2496 877 2550 reete
897 2490 1000 2567 serisso
1021 2509 1088 2551 eum
1109 2496 1194 2552 erant
1214 2493 1289 2553 iudi-

208 2601 312 2678 caturi,
343 2600 404 2678 qui,
426 2599 452 2659 ei
472 2598 504 2658 in
524 2597 684 2658 Catilinam
704 2592 971 2673 annumerasset,
993 2593 1149 2653 crudeliter
1169 2601 1196 2654 et
1213 2595 1291 2673 nepio

208 2703 319 2779 fuctum
340 2719 399 2760 esee
420 2700 568 2760 dicerent?
588 2700 696 2758 Talem
705 2702 806 2759 tamen
823 2696 967 2757 invidiam
988 2698 1290 2778 oratorillieindioat,

207 2826 267 2868 non
283 2804 528 2883 quemadmodum
545 2802 676 2879 explieat
692 2804 741 2880 R,
751 2803 802 2877 qni
812 2800 868 2860 hoo
878 2802 1043 2861 confirmari
1053 2807 1141 2879 putat
1161 2804 1199 2863 iia
1211 2820 1289 2879 quae

206 2910 344 2971 dicuntur
370 2907 455 2967 initio
486 2906 507 2983 ἓ
540 2907 588 2982 29,
619 2920 696 2978 quae
723 2902 816 2962 verba
832 2901 967 2980 laudans,
987 2905 1087 2964 neseio
1108 2922 1168 2980 qua
1189 2924 1288 2985 eausa,

205 3015 316 3076 omittit
335 3011 427 3073 verba
447 3027 533 3089 quam
549 3008 672 3067 inertiae
692 3024 726 3066 ao
740 3006 892 3085 rreqruitiae,
913 3011 1002 3081 atque
1019 3008 1064 3067 ita
1074 3010 1288 3086 oppositionem

206 3120 352 3196 obseurat,
373 3134 411 3177 ex
432 3132 491 3190 qua
511 3129 638 3188 sequens
666 3110 815 3171 sententia
842 3112 914 3187 apta
935 3114 990 3169 eet.
1031 3110 1188 3187 Duplieem
1208 3113 1287 3172 enim

206 3223 314 3281 oratori
341 3219 484 3279 invidiam
514 3215 651 3294 proponit
680 3212 874 3290 Respublica:
905 3211 1057 3291 nmiorum,
1089 3214 1116 3273 si
1135 3232 1239 3277 nevere
1256 3222 1288 3278 et

204 3324 319 3384 fortiter
338 3326 422 3396 agat:
445 3319 589 3396 bonorum,
609 3317 636 3377 ei
656 3321 776 3395 propter
802 3320 913 3376 metum
933 3315 1057 3376 inertiae
1079 3334 1115 3377 ae
1134 3319 1287 3393 nequitiae

204 3443 237 3487 ee
254 3424 362 3502 nodat,
390 3426 479 3497 atque
501 3420 648 3498 optionem
669 3418 755 3495 quasi
773 3418 801 3477 ei
818 3418 968 3495 relinquit,
988 3424 1085 3480 utram
1103 3421 1214 3496 eligere
1234 3442 1284 3485 ve·

203 3531 247 3591 lit.
270 3530 326 3589 Eat
335 3528 427 3603 igitur
437 3525 527 3586 etiam
541 3524 593 3583 illo
607 3524 671 3583 loeo
684 3521 798 3582 invidia
815 3519 995 3599 vituperium,
1017 3522 1209 3603 reprehensio,
1231 3528 1284 3587 sed

203 3632 313 3709 duplioi
343 3630 467 3705 ratione,
488 3627 552 3687 eive
570 3624 729 3684 seueritatis
750 3642 785 3683 aa
806 3621 999 3700 fortitudinis,
1020 3624 1085 3683 aive
1107 3624 1231 3686 inertiae
1248 3644 1284 3689 aa

203 3732 355 3811 orepuitiue,
386 3747 510 3806 quarum
541 3729 594 3786 illa
625 3726 716 3804 laudi,
748 3724 823 3784 haee
844 3723 979 3784 dedecori
1001 3724 1040 3785 sit
1057 3724 1207 3807 habenda5
1229 3729 1282 3789 mi-

201 3838 280 3897 nime
311 3834 429 3911 quidem
454 3851 499 3911 ea,
520 3848 596 3907 quae
618 3848 653 3889 ou
674 3834 748 3887 reate
769 3826 857 3904 sautia
877 3830 1024 3904 nascatur,
1046 3845 1135 3902 quam
1154 3831 1281 3891 aemula-

203 3940 314 4017 tionem,
334 3938 383 3996 vel
400 3933 629 3995 obtrectationem
648 3935 736 3991 vooat
755 3930 858 3991 Oioero
875 3930 965 3990 Tuan.
984 3930 1037 4008 IV,
1058 3932 1107 4010 26,
1127 3933 1176 3993 56.
1217 3937 1282 3995 Iam

201 4059 271 4102 vero
298 4038 442 4099 invidiam
459 4037 488 4096 h.
506 4038 526 4095 l.
555 4035 687 4113 appellat
708 4033 813 4110 ortium,
835 4033 910 4110 quood
928 4032 1021 4092 oritur
1038 4052 1074 4092 eu
1091 4035 1167 4094 naula
1184 4036 1280 4116 saetis,

200 4148 285 4225 quasi
306 4145 425 4204 diversa
445 4142 485 4202 ait
506 4140 544 4199 ab
565 4157 610 4216 ea,
632 4156 708 4214 quae
729 4138 789 4196 iam
815 4155 904 4215 supra
935 4144 1096 4197 memorata
1127 4144 1180 4198 est.
1222 4140 1279 4199 Po-

199 4259 308 4314 strema
335 4250 414 4310 enim
441 4246 516 4307 haee
536 4246 685 4305 uenientia
706 4247 769 4303 tota
789 4241 914 4303 refertur
935 4242 973 4301 ad
993 4243 1084 4303 verba
1105 4243 1227 4302 iumtiae
1244 4262 1279 4304 aa

198 4358 341 4435 nequitiae
372 4352 490 4430 inentia,
512 4368 610 4428 quam,
634 4350 693 4410 nisi
711 4366 813 4410 nevere
835 4351 865 4408 et
886 4345 1000 4409 fortiter
1014 4352 1094 4427 agat,
1115 4351 1193 4408 eerto
1211 4365 1278 4408 eum
