3086 5192
769 437 786 495 ‘l

237 607 322 652 scnre
349 592 532 668 significasse
559 594 733 674 videmus&
763 599 811 655 16.
854 593 920 667 Quo
936 595 1001 657 viso
1019 596 1121 656 consul
1139 595 1220 675 (hinc
1238 596 1317 657 enim

237 695 355 755 dicendi
365 697 482 758 initium
499 698 606 759 fecisse
620 697 750 777 videtur)
765 699 829 759 iure
846 699 890 759 ita
899 699 1031 778 incipere
1041 700 1151 777 potuit:
1174 718 1317 778 quousque

237 798 763 878 tuudcmoduteropoticutiouostro?
785 819 844 862 non
860 803 958 879 potuit
978 803 1051 881 iure,
1072 803 1151 879 quod
1172 803 1317 863 Rinkesio

236 902 362 983 videtur,
390 922 494 980 rogare
521 905 666 966 Catilina:
688 905 836 982 cujuauouu
861 905 1029 983 puticulis?
1050 924 1108 982 quo
1125 907 1203 968 iacto
1224 912 1319 966 uotum

236 1007 328 1084 fuisse
358 1015 445 1087 putat
468 1011 511 1070 de
535 1010 733 1088 pulcherrimo
761 1011 845 1071 illius
873 1011 1013 1070 orotiouia
1036 1012 1120 1071 iuitio
1147 1018 1174 1070 et
1205 1012 1240 1070 de
1261 1017 1320 1071 toto

237 1114 374 1192 oratioue,
402 1131 479 1189 quae
503 1115 676 1175 absurdiora
705 1117 851 1195 existimo,
880 1116 1033 1192 quemad
1060 1135 1137 1192 quae
1168 1117 1245 1175 serio
1272 1135 1317 1179 re·

235 1216 394 1293 sponderet
409 1216 540 1276 Boetius.
581 1217 656 1276 Mihi
676 1217 793 1278 ridendi
810 1223 926 1278 tantum
947 1237 1038 1278 eausa
1048 1219 1122 1278 illud
1134 1219 1320 1293 excogitasse

235 1319 361 1400 videtur,
393 1339 451 1396 quo
480 1322 568 1382 simul
590 1322 685 1383 facete
703 1323 814 1383 dictam
832 1324 981 1399 quoddam
999 1342 1036 1383 ex
1054 1325 1154 1383 Plinio
1174 1323 1317 1384 laudandi

236 1424 419 1485 occasionem
447 1425 675 1485 nancisceretur.
717 1426 796 1486 Tum
814 1427 937 1488 ‘oblitus
962 1444 1028 1487 esse
1056 1428 1183 1507 videtur,
1205 1428 1320 1487 taudem

237 1542 297 1584 non
324 1527 526 1601 interrogandi
555 1528 585 1587 h.
618 1530 638 1588 1.
660 1529 836 1606 particulam
854 1546 929 1606 esse,
949 1546 1052 1588 verum
1070 1530 1208 1608 instandi,
1229 1532 1272 1590 ita
1286 1535 1320 1590 ut

235 1629 318 1689 locus
335 1647 394 1723 non
422 1636 502 1691 esset
519 1631 675 1710 Catilinae,
696 1636 731 1692 ut
747 1649 805 1689 curro
824 1631 959 1690 uocabiulo
979 1631 1108 1691 Ciceroni
1126 1633 1318 1709 responderet.

236 1733 349 1794 Eadem
377 1735 467 1794 etiam
492 1737 601 1795 oblivio
627 1755 694 1796 eum
711 1737 798 1814 cepit,
820 1754 909 1812 quum
925 1737 965 1796 ad
981 1737 1084 1796 vocab.
1102 1738 1227 1796 audacio
1243 1737 1318 1798 haec

236 1843 364 1900 notaret:
389 1840 523 1914 „facilius
548 1846 621 1918 erat,
642 1842 674 1900 ni
702 1841 797 1919 sallor,
829 1842 952 1920 consuli,
980 1841 1050 1901 Scto
1064 1841 1116 1900 illo
1133 1843 1255 1920 munito,
1275 1860 1320 1902 re-

236 1942 380 2020 spondere
401 1942 449 2001 his
466 1943 747 2022 iuterropotiouibus,
768 1960 857 2018 quam
879 1943 1041 2021 Catilinae3
1063 1962 1163 2020 erumpe
1178 1944 1319 2019 quamdiu

236 2045 295 2121 ipsi
326 2045 439 2104 consuli
462 2044 647 2105 videbatur.”
689 2044 731 2105 At
755 2045 820 2121 ipse
840 2047 872 2103 in
890 2047 1057 2119 argumenti
1070 2047 1156 2106 initio
1173 2047 1317 2106 eucluouu-

238 2146 327 2205 tiouos
354 2147 390 2206 de
417 2147 518 2223 furore
537 2148 682 2207 Catilinae
694 2149 822 2208 vocavit.
864 2149 957 2209 Vides
972 2168 1060 2224 quam
1076 2169 1181 2228 parum
1199 2152 1250 2211 ille
1267 2169 1318 2211 ve-

235 2251 354 2313 ritatem
372 2256 462 2330 curet,
483 2252 553 2312 dum
570 2253 661 2312 risum
679 2256 798 2330 captare
818 2254 923 2332 possit.

274 2459 398 2520 Nihilne
418 2467 445 2520 to
464 2467 635 2522 uecturuuru
652 2462 833 2539 praesidium
852 2497 893 2506 —
913 2467 1081 2522 umqum?
1105 2463 1232 2537 „Sericus
1251 2482 1319 2542 per·

234 2583 324 2642 quam
351 2566 493 2627 obscurus
513 2567 605 2645 priori
632 2568 799 2628 sententiae
816 2568 899 2628 tuest.
941 2568 991 2628 Ad
1008 2568 1082 2647 quod
1103 2569 1181 2628 enim
1198 2586 1317 2630 moven-

235 2668 291 2730 dus
311 2674 377 2729 erat
395 2668 569 2729 Catilina?”
590 2671 627 2730 R.
649 2672 792 2730 —Recte
802 2670 1088 2731 Bootiusvimverbi
1099 2688 1208 2730 mouere
1218 2688 1315 2731 exem-

236 2771 296 2850 plis
322 2772 497 2849 illustravit3
525 2778 639 2832 ceterae
667 2791 738 2833 vero
765 2791 824 2833 non
855 2775 1015 2849 castigavit
1031 2775 1173 2851 ineptias:
1197 2775 1262 2849 „Ex
1279 2775 1317 2834 iis

235 2892 313 2952 quae
329 2875 511 2953 praecedunt
530 2879 660 2952 putares,
681 2880 826 2935 oratorem
846 2877 932 2952 velle,
953 2882 987 2936 ut
1007 2877 1237 2937 coniurationem
1247 2880 1317 2937 mis-

234 2997 299 3041 sam
322 2979 446 3059 faceret3
475 2996 513 3038 ex
537 2982 600 3040 tota
626 2978 767 3055 oratione,
788 2983 822 3037 ut
841 2978 944 3037 urbem
964 2980 1172 3054 relinqueret.'’
1192 2979 1226 3039 Si
1246 2982 1317 3041 talis

236 3084 268 3143 in
288 3083 534 3162 praecedentibus
552 3083 702 3143 sententia
721 3083 836 3160 lateret,
858 3086 888 3141 et
904 3081 978 3141 mihi
995 3082 1117 3142 obscure
1127 3083 1242 3142 locutus
1252 3101 1317 3143 ora·

234 3193 282 3250 tor
297 3189 461 3267 videretur3
490 3187 543 3248 sed
556 3188 662 3265 pergit,
684 3190 718 3247 ut
737 3187 897 3265 inceperat,
918 3187 982 3245 eius
1004 3185 1159 3247 audaciam
1175 3189 1317 3265 perstrin-

236 3305 315 3367 gere,
336 3290 388 3365 qui
405 3307 442 3349 ne
459 3289 508 3348 his
526 3289 660 3348 omnibus
682 3288 801 3363 quidem
818 3288 992 3350 absterritus
1010 3290 1058 3367 sit,
1079 3308 1116 3349 ne
1138 3291 1316 3353 incenatum

184 3440 185 3444 ,
234 3393 359 3454 veniret.
408 3392 474 3466 Quo
504 3393 591 3453 modo
618 3397 718 3452 autem
746 3409 784 3452 ex
807 3397 870 3454 tota
898 3394 1030 3453 oratione
1060 3394 1185 3455 indicari
1211 3399 1316 3476 possit,

235 3500 380 3557 oratorem
403 3494 452 3555 his
479 3495 578 3555 verbis
601 3512 773 3573 permovere
788 3513 856 3556 eum
877 3497 964 3575 velle,
985 3500 1019 3556 ut
1036 3496 1138 3557 urbem
1157 3499 1316 3579 relinquat,

235 3616 282 3660 me
310 3616 369 3660 nou
400 3617 506 3676 capere
523 3597 626 3658 fateor.
668 3597 755 3669 Quod
772 3602 872 3657 tamen
892 3598 957 3673 ipse
979 3599 1069 3658 etiam
1087 3600 1254 3675 intelligere
1270 3604 1315 3663 vi·

234 3701 321 3763 detur
348 3701 487 3760 continuo
512 3699 639 3758 addens:
664 3699 787 3772 „quodsi
803 3698 860 3758 hoc
876 3716 973 3757 ouuru
987 3704 1041 3778 est,
1061 3701 1137 3760 nihil
1153 3702 1206 3762 illa
1224 3706 1315 3765 verba

234 3803 431 3878 significant.”
479 3802 573 3877 Atqui
603 3800 771 3876 significare
802 3802 916 3878 aliquid
949 3804 1071 3864 Bootius
1099 3805 1211 3868 docuit:
1243 3826 1314 3886 ergo

236 3906 314 3983 quod
341 3906 392 3964 ille
412 3905 530 3982 putavit
552 3922 654 3963 verum
672 3922 731 3964 non
752 3910 807 3965 est.
848 3905 964 3966 Deinde
982 3908 1021 3967 ad
1037 3908 1112 3969 illud
1128 3911 1218 3972 redit:
1242 3912 1314 3987 „Sin

234 4012 288 4070 illa
305 4013 407 4070 contra
424 4010 467 4069 ita
484 4008 656 4085 accipienda
676 4013 755 4087 eunt,
775 4015 809 4071 ut
826 4011 1056 4072 coniurationem
1076 4014 1197 4074 missam
1214 4016 1314 4097 faciat,

234 4131 293 4173 non
310 4112 398 4171 video
416 4111 487 4186 quid
504 4111 562 4171 eibi
582 4113 657 4173 velit
672 4118 836 4181 moouuun
858 4120 925 4173 tuuc
941 4133 1145 4193 perpraesens
1155 4119 1313 4193 legendum

233 4221 281 4279 est
297 4221 414 4296 mucci,
434 4217 518 4276 utin
535 4234 618 4291 seqq.
640 4217 736 4296 scotia,
756 4217 834 4277 uides
851 4223 921 4298 cet.;
943 4225 1031 4281 antea
1052 4223 1131 4281 enim
1147 4240 1206 4283 non
1223 4242 1314 4285 ausus

235 4325 283 4386 eet
301 4325 421 4386 senatus
433 4320 593 4396 quidquam
604 4321 725 4394 gravius
742 4322 773 4380 in
784 4320 943 4382 Catilinam
960 4321 1145 4386 decernere.''
1167 4326 1250 4388 Haec
1270 4335 1315 4387 ter
