3086 5192
450 353 490 388 Ο.
562 354 627 393 ‘⁸‘u
661 355 669 366 ί

562 396 570 409 0
598 399 605 414 ι
632 389 668 429 ··⁸

251 426 324 479 ’.τι
356 442 417 478 ⁸0⁰⁹
447 456 503 482 ⁰⁰·
785 431 803 487 2

314 466 362 495 ’,ι
461 478 470 494 0
587 482 595 495 ⁸
671 472 711 505 μ.

427 505 434 519 ’
492 518 500 531 η
533 506 542 524 ⁸
634 526 643 542 .
710 521 715 530 ι

254 603 384 647 soronam
411 554 793 648 cadavera'bbtidndatam
825 604 899 666 esse,
928 591 1078 663 totamque
1106 589 1149 650 ita
1173 588 1212 648 ab
1242 589 1333 667 stirpe

251 695 371 765 gentem
390 691 548 751 interiisse.
570 691 621 751 Sie
642 692 733 766 igitur
750 709 816 751 cum
837 693 943 752 ceteris
953 692 1082 752 mirabar
1098 693 1193 770 primo
1207 698 1237 753 et
1254 693 1333 754 dole-

250 795 335 854 bam:
356 799 512 871 postquam
533 813 603 855 vero
620 796 659 855 ad
676 796 834 870 legendum
846 797 976 855 animum
989 797 1100 875 appuli,
1111 797 1198 856 leniri
1208 796 1334 858 subinde

250 897 380 957 dolorem
418 899 581 959 sentiebam
620 899 903 974 admirationemque
936 900 1104 978 temperari,
1145 916 1235 976 quum
1255 917 1333 980 mox,

250 1005 386 1079 quamvis
417 1005 449 1062 in
477 1004 692 1064 introductione
731 1004 825 1063 multa
855 1005 935 1064 lectu
965 1004 1056 1079 digna
1093 1006 1251 1082 reperirem
1278 1023 1334 1066 nec

234 1108 312 1167 >sine
327 1107 491 1166 eruditione
513 1106 641 1181 quadam
662 1106 781 1184 scripta,
800 1106 947 1181 quaedam
970 1106 1244 1186 semihiofferrent,
1256 1126 1333 1183 qnae

247 1228 306 1270 non
323 1211 482 1287 proderent
502 1210 641 1270 eximiam
658 1211 750 1290 illam,
771 1228 861 1285 quam
890 1211 1107 1290 exspectabam,
1129 1213 1332 1294 sagacitatem,

248 1332 307 1374 non
326 1332 422 1391 pauca
443 1315 541 1391 etiam,
563 1332 640 1389 qnae
658 1332 677 1373 a
695 1314 763 1374 stilo
774 1313 924 1390 Tulliano,
946 1317 1036 1388 atque
1051 1333 1069 1372 a
1083 1314 1161 1374 bona
1181 1316 1331 1377 latinitate

246 1422 401 1495 tantopere
419 1417 618 1495 abhorrerent,
639 1421 672 1476 ut
690 1402 834 1494 suspicari
852 1416 1012 1492 inciperem
1030 1435 1048 1474 a
1069 1417 1123 1477 tali
1144 1434 1234 1477 manu
1250 1416 1332 1478 haud

247 1538 387 1596 magnum
414 1519 564 1579 Ciceronis
588 1518 697 1578 filiolae
718 1519 882 1595 pericnlum
902 1518 964 1577 fore
985 1520 1183 1579 metuendum.
1225 1518 1331 1581 Obsta-

246 1627 299 1687 bat
312 1631 412 1687 tamen
432 1625 501 1684 huie
519 1625 591 1701 spei,
613 1623 692 1698 qnod
712 1624 744 1680 in
764 1621 947 1697 praefatione
968 1639 1027 1681 non
1048 1640 1067 1679 a
1095 1639 1128 1683 se
1149 1624 1330 1685 dissertatio-

245 1732 293 1790 nis
321 1734 525 1805 argumentum
550 1730 703 1787 inventnm
731 1743 797 1785 esse
825 1726 959 1802 dixisset,
981 1726 1035 1785 sed
1055 1726 1095 1785 ad
1110 1733 1330 1806 praeceptorem

247 1853 333 1895 suum
354 1853 389 1895 ac
398 1839 593 1912 promotorem
603 1831 784 1892 inventionis
794 1831 914 1892 laudem
923 1831 1108 1892 referendam
1119 1851 1194 1893 esse.
1216 1833 1330 1907 Quodsi

247 1957 351 1999 verca
367 1939 471 2018 Baldo,
489 1939 562 1997 Viro
581 1937 779 1997 Celeberrimo
797 1936 894 2015 (euius
915 1941 945 1996 et
955 1936 1023 2016 ipsi,
1036 1942 1070 1999 ut
1080 1939 1249 2019 meministi,
1270 1940 1328 2000 dis·

246 2043 358 2120 ciplina
378 2042 448 2100 olim
458 2040 516 2099 frui
532 2039 606 2100 mihi
616 2040 750 2118 contigit,
771 2038 913 2114 cuiusque
924 2039 955 2097 in
966 2040 1045 2099 omni
1058 2057 1166 2114 genere
1177 2042 1329 2103 literarum

245 2146 427 2221 singularem
444 2144 605 2203 admiratus
623 2161 688 2203 snm
710 2142 873 2202 doctrinam
888 2145 978 2216 atque
995 2142 1187 2221 elegantiam)
1198 2144 1330 2221 profecta

160 2255 164 2262 '
246 2251 421 2321 argumenta
439 2249 547 2324 essent,
569 2244 676 2319 quibus
695 2243 922 2303 abiudicandam
943 2245 1104 2304 orationem
1125 2263 1191 2305 esse
1209 2247 1327 2307 demon-

245 2355 395 2427 straretur,
416 2350 541 2409 verebar
557 2366 594 2409 ne
615 2348 725 2409 frustm
745 2348 967 2407 intermortuam
987 2353 1168 2409 tentaremus
1185 2352 1217 2410 in
1234 2353 1327 2412 vitam

244 2472 392 2532 revocare,
423 2472 535 2531 nosque
549 2471 660 2531 omnes,
670 2454 807 2527 lugentes
828 2453 973 2529 quamvis,
994 2452 1117 2512 ultimae
1137 2454 1325 2516 Catilinaria-

244 2575 309 2617 rum
333 2557 491 2632 exsequias
518 2556 657 2634 prosequi
681 2571 859 2629 cogeremur.
901 2552 961 2613 Sed
978 2570 1068 2628 quum
1086 2556 1125 2613 ad
1146 2556 1241 2633 ipsam
1262 2575 1326 2617 ora·

243 2661 354 2722 tionem
379 2660 579 2737 accessissem,
610 2662 699 2733 atque
724 2661 898 2732 argunnenta
922 2656 975 2715 illa
1006 2662 1142 2718 accurate
1163 2661 1326 2737 coepissem

244 2764 424 2840 examinare,
454 2778 601 2837 nusquam
627 2760 698 2837 fere,
725 2760 804 2835 quod
828 2759 971 2837 laetabar,
991 2759 1079 2818 Bakii
1096 2761 1186 2839 illius,
1208 2765 1325 2837 qualem

243 2865 360 2927 auditor
380 2882 583 2941 cognoveram,
604 2879 723 2923 manum
741 2878 900 2936 agnoscere
910 2861 1004 2940 potui,
1022 2865 1053 2921 et
1067 2880 1241 2939 persuasum
1252 2866 1325 2926 mihi

243 2969 391 3031 habebam
415 2967 592 3044 discipulum
616 2971 669 3026 aut
689 2983 766 3041 quae
787 2982 806 3023 a
825 2969 1017 3042 praeceptore
1037 2964 1164 3025 triennio
1182 2972 1252 3027 ante
1265 2973 1324 3030 tra-
1380 3034 1389 3043 ὁ

242 3074 306 3135 dita
323 3070 424 3133 essent
440 3087 499 3131 non
529 3070 603 3129 satis
629 3073 700 3129 tune
721 3067 913 3145 intellexisse,
935 3072 988 3127 aut
1011 3072 1142 3144 tempore
1166 3070 1198 3128 in
1225 3088 1326 3131 eorum

242 3177 420 3241 oblivionem
441 3172 608 3249 adductum,
629 3170 707 3245 quod
725 3169 784 3229 iam
802 3171 866 3229 sine
877 3171 984 3231 cortice
994 3188 1065 3230 nare
1075 3189 1163 3248 posse
1174 3174 1232 3233 sibi
1242 3175 1324 3237 vide·

241 3283 331 3355 retur,
342 3295 418 3353 qnae
429 3276 521 3336 infida
540 3275 682 3335 memoria
698 3274 727 3337 ei
737 3291 796 3337 non
814 3274 1018 3350 suppeditaret
1028 3292 1082 3334 suo
1094 3276 1190 3353 ipsum
1202 3279 1324 3341 arbitrio

241 3384 423 3461 exposuisse.
465 3379 617 3455 Quidquid
643 3380 686 3439 rei
712 3384 846 3455 estque
870 3380 993 3439 ulterius
1010 3381 1136 3454 legendo
1155 3385 1323 3461 progredie-

240 3487 303 3560 bar,
324 3502 360 3544 eo
377 3484 473 3558 magis
493 3482 567 3543 mihi
587 3482 671 3541 dolor
683 3486 839 3556 metusque
861 3482 1061 3556 indignationi
1078 3485 1203 3549 cedebat
1214 3492 1244 3548 et
1255 3506 1321 3550 eon-

240 3587 356 3665 temtui,
376 3604 472 3662 neque
490 3585 573 3647 alind
593 3586 625 3644 in
639 3603 686 3647 me
702 3583 792 3647 huius
809 3584 903 3661 inepti
920 3584 1015 3646 libelli
1032 3588 1121 3649 lectio
1139 3589 1245 3670 effecit,
1263 3593 1322 3653 nisi

239 3696 273 3751 ut
301 3707 460 3765 numquam
485 3690 580 3763 magis
607 3688 777 3748 ciceronem
805 3687 893 3747 huius
918 3688 1058 3749 orationis
1086 3695 1234 3755 auctorem
1256 3712 1322 3756 esse

238 3808 412 3870 persuasum
432 3790 506 3851 mihi
536 3790 632 3850 fuerit.
674 3790 738 3850 Neo
758 3807 806 3849 me
831 3791 935 3868 solum,
956 3792 1009 3851 sed
1036 3793 1180 3870 teipsum
1199 3799 1322 3859 etalios
1392 3866 1397 3871 ,

238 3914 355 3973 quoqne
379 3896 491 3974 eodem,
522 3895 722 3973 disputatione
752 3897 839 3974 lecta,
871 3898 992 3960 affectos
1022 3900 1120 3961 animo
1144 3920 1210 3965 esse
1225 3906 1321 3969 laetus

238 4001 371 4078 cognovi,
391 3998 548 4075 inquibus
569 3996 936 4080 Bootium,Vir.Ola1iss.,
956 4002 1093 4065 Rinkesii
1110 4008 1267 4088 qnondam,
1287 4015 1321 4071 nt

236 4108 323 4186 nosti,
344 4106 376 4167 in
396 4105 552 4181 gymnasio
568 4104 781 4167 Leovardiensi
801 4111 1029 4188 praeceptorem,
1049 4111 1144 4174 literis
1161 4114 1199 4173 ab
1217 4115 1320 4177 eodem

236 4214 435 4289 provocatum,
457 4210 547 4269 etiam
564 4210 785 4285 responsionem
810 4229 917 4289 parare
938 4213 1095 4277 audiebam
1116 4218 1156 4278 ad
1172 4221 1250 4280 male
1266 4221 1320 4281 im·

234 4321 397 4395 pugnatam
424 4316 586 4379 orationem
616 4314 840 4379 defendendam.
882 4316 1064 4399 Gaudebam,
1095 4340 1186 4397 quum
1206 4330 1320 4391 tantam

1529 2910 1533 3133 l
