3086 5192
753 447 791 505 39

226 615 246 659 u
266 601 367 662 nostrie
387 604 533 663 sententiis
549 605 653 665 divelli
671 608 813 683 nequeat3
835 604 1026 682 nequeenim
1044 606 1198 683 areliquis
1209 607 1306 667 seiun-

225 706 324 780 genda
353 707 428 767 haee
452 713 529 769 sunt.
571 708 656 783 Quae
685 708 756 785 quid
785 708 951 783 signifioare
971 709 1086 785 possint
1103 710 1168 787 ipse
1188 709 1306 770 viderit.

226 807 287 868 Sed
301 810 362 869 alia
378 812 469 871 etiam
489 830 581 872 eausa
596 812 690 872 fuisse
704 812 822 872 videtur
843 830 895 872 our
911 812 989 873 huno
1005 814 1101 873 looum
1121 813 1307 890 potissimum

226 912 352 992 afferret,
362 931 452 990 quum
462 915 570 976 deinde
580 916 623 975 ita
632 920 751 994 pergat3
774 915 823 989 „in
834 931 893 991 qua
904 915 934 993 ξ,
945 919 979 975 ut
988 914 1044 974 hoo
1055 916 1149 975 obiter
1162 933 1307 993 moneam,

225 1034 292 1095 pro:
314 1021 452 1095 quoniam
472 1021 566 1081 multa
586 1037 640 1080 nos
661 1025 692 1080 et
709 1021 740 1079 in
761 1020 870 1079 nostris
890 1020 987 1098 rebus,
1008 1024 1039 1080 et
1059 1021 1090 1079 in
1104 1021 1306 1098 repubiioafe·

226 1119 373 1201 foderunt,
393 1122 516 1197 ferimus
533 1140 578 1202 ea,
599 1140 676 1200 quae
693 1126 762 1182 suut
775 1123 905 1201 ferenda,
925 1122 1084 1197 legendum
1105 1127 1164 1182 est:
1183 1123 1309 1198 feroinus

226 1241 263 1283 eu
290 1242 366 1302 quae
394 1232 463 1287 suut
483 1225 633 1287 ferenda.''
675 1225 808 1302 Frustra,
829 1230 911 1303 puto,
932 1230 1039 1303 monet,
1060 1243 1129 1284 nam
1149 1225 1225 1284 nihil
1245 1243 1307 1286 mu·

225 1328 348 1387 tondum
374 1329 501 1409 videtur,
528 1330 600 1408 quia
623 1327 745 1403 ferimus
775 1327 805 1387 h.
836 1329 856 1387 l.
884 1332 931 1389 est
961 1328 1041 1403 ferro
1069 1328 1198 1407 solemne,
1230 1329 1309 1406 quod

226 1431 352 1493 suadent
373 1434 464 1494 etiam
484 1434 576 1494 verba
595 1451 668 1511 quoe
689 1437 756 1491 soant
773 1431 895 1506 ferendo
916 1433 1034 1494 notione
1054 1432 1229 1510 praesentis.

588 1724 821 1789 CAPUT
870 1725 944 1789 VII.

267 2146 353 2208 Nune
370 2166 443 2208 bero.
467 2149 637 2224 „Particula
653 2165 730 2208 outre
750 2167 839 2224 quam
859 2148 987 2208 maxime
1007 2147 1071 2208 fieri
1091 2153 1198 2228 potest,
1210 2150 1310 2228 inepte

226 2251 373 2329 ponitur.”
395 2252 432 2311 R.
452 2285 493 2295 -
513 2251 564 2312 Sic
584 2251 704 2329 iudicat,
725 2251 795 2326 quia
815 2268 875 2310 non
892 2253 1033 2326 sequatur
1054 2250 1192 2326 oppositio
1213 2269 1310 2310 eornm

228 2373 300 2435 quoe
321 2357 506 2433 praecedunt.
547 2357 627 2431 Ergo
658 2357 758 2433 inepte
779 2355 869 2416 etiam
889 2355 951 2414 (iio.
976 2354 1014 2414 de
1028 2354 1099 2413 Fin:
1121 2356 1162 2433 ΙΙ,
1184 2355 1231 2433 15,
1252 2356 1308 2416 50:

230 2458 320 2535 „quid
352 2477 429 2519 uuae
458 2458 582 2519 honeste
613 2458 709 2518 dioit?
738 2458 860 2518 Idemne
879 2456 957 2534 quod
974 2456 1124 2516 iucunde?
1152 2457 1233 2532 Ergo
1253 2458 1310 2518 ita:

226 2579 285 2622 non
315 2580 403 2640 posse
418 2561 542 2623 honeste
565 2561 637 2640 vivi,
662 2562 720 2621 nisi
740 2561 864 2621 honeste
884 2559 1043 2619 vivatur'?
1066 2560 1158 2620 Nulla
1178 2560 1257 2619 enim
1278 2561 1309 2619 in

231 2664 280 2723 his
311 2668 357 2724 est
384 2664 531 2743 oppositio,
559 2664 613 2724 sed
643 2681 682 2723 ex
708 2662 950 2724 antecedentibus
983 2661 1131 2723 oonolusio
1148 2661 1310 2724 deducitur.

227 2761 313 2837 Quas
341 2769 440 2825 antem
465 2764 611 2841 oppositio
631 2765 729 2825 estin
748 2767 809 2825 illis
829 2765 870 2824 ad
889 2767 952 2826 Att.
978 2766 1018 2843 11,
1040 2769 1092 2825 24:
1116 2765 1220 2839 „Nune
1240 2783 1309 2827 reus

231 2871 296 2927 erat
313 2868 394 2945 apud
414 2868 553 2927 Crassum
564 2867 695 2927 Divitem
715 2869 835 2927 Vettius
852 2869 890 2928 de
910 2870 954 2928 vi:
976 2873 1007 2928 et
1027 2886 1118 2944 quum
1139 2875 1218 2931 esset
1227 2871 1308 2931 dam·

225 2976 324 3050 natus,
355 2976 420 3031 erat
450 2972 591 3031 iudicium
620 2971 852 3049 postulatums.''
900 2971 960 3032 Sed
978 2990 1017 3032 ex
1032 2964 1094 3032 tum
1115 2975 1216 3035 multis
1236 2976 1309 3036 loeis

225 3077 420 3138 demonstrari
450 3081 556 3155 potest,
588 3093 665 3136 nuno
691 3094 782 3154 saepe
809 3078 946 3155 usurpari
972 3095 1026 3154 pro
1056 3076 1124 3155 mm,
1149 3081 1184 3137 ut
1203 3079 1309 3140 mirum

227 3179 357 3257 profecto
385 3181 426 3240 sit
456 3179 631 3239 Rinkesium
661 3196 720 3239 non
741 3179 871 3238 sensisse
891 3196 968 3238 nune
984 3197 1057 3258 uero,
1075 3181 1146 3256 quia
1166 3182 1249 3243 nulla
1270 3185 1310 3245 sit

226 3281 381 3359 oppositio,
401 3280 432 3339 h.
452 3281 473 3340 l.
494 3280 554 3341 dioi
573 3299 627 3359 pro
644 3280 704 3340 tom
720 3299 793 3341 oero.
815 3281 851 3341 of.
872 3283 1003 3343 Bootius.

266 3486 474 3566 misericordie,
505 3504 577 3566 quae
601 3488 653 3548 tibi
676 3488 761 3548 trullo
788 3487 913 3549 debetur.
967 3491 1081 3564 „Igitur
1100 3493 1228 3556 absurde
1245 3499 1309 3571 agit

224 3595 350 3656 orator.''
391 3596 429 3654 R.
458 3625 500 3639 ·-
528 3596 603 3654 Uter
622 3595 779 3653 absurdius
800 3612 889 3667 agere
908 3594 1035 3673 videtur,
1056 3599 1107 3672 qui
1128 3599 1227 3659 odium
1248 3602 1306 3663 dis.

225 3699 368 3759 simulans
385 3697 602 3758 miserioordem
616 3714 650 3756 se
670 3697 765 3775 fingit,
785 3715 842 3773 quo
857 3699 953 3772 magis
964 3699 1095 3762 mordeat
1106 3702 1307 3767 adversarium

229 3804 351 3881 eiusque
383 3819 490 3862 oausae
522 3807 634 3880 noceat,
663 3819 702 3860 an
733 3802 769 3878 is,
800 3803 851 3878 qui
867 3801 934 3862 fiete
956 3820 1023 3863 eum
1040 3805 1121 3882 loqui
1141 3825 1200 3867 non
1220 3810 1307 3873 intel-

224 3907 322 3982 ligens
343 3907 551 3985 stomachatum,
571 3906 650 3984 quod
670 3907 792 3982 indigno
812 3909 1042 3969 misericordiam
1051 3919 1203 3988 praestare
1214 3919 1306 3979 velit?

224 4008 285 4071 Sed
307 4009 420 4083 fugisse
446 4008 621 4069 Rinkesium
648 4009 736 4070 huius
763 4011 820 4070 looi
851 4015 944 4072 artem
972 4016 1002 4072 et
1027 4014 1151 4075 ironiam
1173 4020 1306 4101 oratoris,

228 4111 287 4172 iam
316 4128 355 4171 ex
385 4110 424 4170 iis
444 4112 590 4189 apparuit
621 4129 698 4188 quae
726 4130 751 4172 e.
774 4113 827 4172 VI.
847 4116 1013 4190 praemisit:
1036 4134 1213 4194 quamquam
1233 4120 1263 4180 h.
1285 4123 1304 4182 l.

224 4216 327 4277 addita
346 4216 449 4295 verbu,
468 4220 501 4274 ut
518 4222 663 4293 persuetus
684 4235 743 4275 osae
762 4215 870 4295 videor,
891 4224 922 4279 et
939 4237 1011 4297 quoe
1022 4220 1074 4279 tibi
1086 4223 1171 4283 nullu
1182 4224 1306 4305 debetur,

227 4327 354 4383 mentem
376 4322 499 4383 oratoris
518 4322 591 4383 satis
606 4320 735 4382 indicare
753 4321 899 4382 videntur.
