3086 5192
775 470 815 527 60

254 627 439 707 potissimum
468 626 597 686 dicatum
629 625 788 685 sacrarium
815 627 874 686 dici
902 630 1028 704 poterat,
1058 630 1237 703 quapropter
1264 626 1340 686 illud

255 729 391 802 adiungit
418 732 523 801 orator,
555 728 633 787 unde
665 745 723 818 qno
754 729 877 789 consilio
899 728 1089 788 constitutum
1111 733 1206 807 esset,
1238 734 1338 806 posset

256 830 394 904 intelligi.
446 830 547 889 Nolim
582 830 675 904 igitur
701 831 944 908 paucissimorum
988 830 1071 890 codd.
1105 832 1280 892 auctoritate
1308 831 1340 891 id

254 933 397 1010 omittere,
419 932 497 1008 quod
525 933 689 992 sententiae
706 934 903 1011 perspicuitas
927 934 1075 1010 requirere
1096 933 1222 993 videtur
1264 935 1337 994 For-

253 1041 333 1096 tasse
361 1037 416 1096 hoc
447 1038 608 1096 sacrarium]
635 1042 704 1098 ante
726 1039 825 1099 oculos
843 1039 981 1117 habebat,
1003 1056 1093 1115 quum
1114 1039 1225 1100 diceret
1243 1041 1263 1117 ἓ
1284 1042 1337 1099 16:

255 1158 348 1215 ,quae
366 1140 483 1216 quidem
502 1139 590 1220 (sica)
611 1141 717 1217 quibus
732 1142 785 1200 abs
806 1147 836 1202 te
858 1143 977 1201 luttiata
995 1143 1086 1203 sacris
1107 1161 1143 1203 ac
1161 1143 1268 1203 devota
1288 1144 1338 1221 sit,

252 1242 391 1301 nescio:”
432 1243 534 1302 Potuit
558 1243 648 1301 etiam
675 1244 706 1301 in
738 1243 841 1303 eodem
862 1245 1152 1319 sacrarioscelerurn
1173 1244 1337 1304 exsecratio

253 1345 305 1403 illa
320 1363 355 1403 ac
376 1345 493 1404 devotio
514 1344 578 1404 fieri
601 1343 639 1422 (si
660 1345 747 1405 modo
764 1345 844 1405 facta
862 1344 920 1422 est)
942 1364 1031 1422 quam
1048 1345 1218 1405 dubitanter
1227 1363 1335 1404 memo-

253 1452 300 1508 rat
327 1447 450 1507 Sallust.
483 1467 506 1507 e.
530 1451 578 1506 22.
621 1447 681 1508 Sed
701 1452 795 1508 totum
815 1448 893 1508 hunc
914 1448 951 1507 de
973 1449 1073 1524 aquila
1090 1449 1186 1507 locum
1206 1453 1335 1525 praetcr-

252 1551 408 1628 misissem,
436 1552 480 1611 ait
500 1551 536 1610 R.
567 1551 663 1626 ,quod
683 1569 737 1628 per
757 1568 789 1609 se
804 1552 843 1609 ab
863 1568 1047 1627 imoquoque,
1067 1555 1102 1610 ut
1122 1550 1235 1628 opinor,
1255 1550 1335 1611 dam·

252 1660 347 1734 natm,
379 1655 437 1713 nisi
455 1655 545 1715 ctiam
572 1655 715 1713 nonnulla
739 1654 870 1714 inessent
891 1655 965 1714 satis
983 1655 1083 1733 digna,
1105 1671 1182 1731 qnae
1204 1653 1335 1713 animad-

251 1759 464 1820 verterentm.”
507 1759 535 1818 A
555 1759 637 1818 nullo
658 1758 763 1836 adhuc,
785 1763 928 1834 quantum
948 1758 1078 1836 memini,
1099 1757 1149 1816 hic
1162 1759 1335 1819 locusdam·

252 1866 340 1921 natus
363 1866 436 1939 erat,
448 1879 503 1921 neo
513 1861 568 1921 tali
582 1861 701 1938 quidem
718 1862 893 1922 auctoritate
908 1865 997 1937 atque
1008 1863 1190 1936 argumentis
1207 1880 1337 1938 unquam

253 1964 426 2025 damnatum
441 1965 478 2023 iri
496 1965 591 2024 eredo.
633 1965 712 2023 Nam
733 1982 788 2024 nec
804 1982 857 2043 per
875 1983 907 2024 se
924 1965 1087 2041 quidquam
1107 1965 1138 2022 in
1159 1964 1216 2024 hac
1235 1982 1267 2024 re
1285 1965 1336 2024 ab·

253 2067 335 2127 surdi
367 2084 451 2146 esse,
483 2072 514 2129 et
541 2085 611 2128 vero
633 2086 699 2128 cnm
716 2067 863 2130 Catilinae
886 2067 1005 2142 ingenio
1022 2067 1210 2144 moribusque
1227 2068 1337 2144 optime

252 2187 412 2247 congruere
429 2172 566 2249 videtur3
589 2189 679 2249 saepe
700 2171 778 2231 enim
799 2170 942 2249 homines,
963 2170 1015 2247 qui
1035 2171 1118 2229 nulla
1134 2170 1277 2244 religione
1288 2171 1337 2231 vel

253 2281 334 2336 metu
355 2277 484 2335 Deorum
505 2280 676 2354 teneantur,
697 2274 892 2334 humanarum
913 2274 1138 2351 divinarumque
1152 2275 1251 2348 legum
1268 2292 1336 2333 con-

255 2380 403 2454 temtores,
424 2378 516 2436 variis
530 2378 678 2438 interdum
705 2377 875 2456 praestigiis
893 2381 924 2436 et
937 2377 1194 2454 superstitionibus
1216 2378 1338 2437 affectos

255 2497 321 2540 esse
331 2480 475 2557 'videmus
516 2482 676 2542 Praeterea
698 2500 716 2541 a
734 2481 944 2540 coniurationis
965 2482 1087 2540 consilio
1108 2481 1337 2559 haudquaquam

254 2583 328 2642 illud
360 2583 517 2642 abhorrere
542 2587 614 2661 puto
634 2588 665 2643 et
696 2583 792 2643 simile
814 2583 885 2659 quid
913 2583 950 2642 de
968 2583 1125 2644 Alcibiade
1145 2589 1337 2647 memoratum

251 2688 386 2765 legimus,
418 2687 536 2747 homine
564 2705 623 2747 non
655 2705 784 2765 prorsus,
812 2692 845 2747 ut
865 2688 1001 2766 videtur,
1022 2688 1169 2750 Catilinae
1191 2689 1337 2767 dissimili,

252 2792 303 2869 qui
331 2793 399 2871 plus
426 2791 497 2852 satis
524 2791 658 2870 fortasse,
680 2811 769 2869 quam
793 2793 913 2868 ingenio
925 2794 964 2853 ab
981 2811 1016 2853 eo
1037 2793 1171 2853 diversus
1185 2794 1251 2854 fuit.
1291 2794 1337 2852 De

252 2913 310 2972 quo
340 2895 443 2972 Nepos
473 2895 638 2956 vitaeelus
660 2913 684 2955 c.
706 2898 734 2954 3.
756 2895 942 2956 haecdicit:
987 2896 1226 2972 ,Aspergebatur
1246 2896 1338 2956 etiam

252 2997 383 3077 infamia,
404 2999 483 3076 qnod
505 3000 536 3059 in
554 2998 641 3058 domo
659 3015 714 3058 sna
730 2998 828 3059 facere
848 2999 991 3074 mysteria
1011 2998 1171 3074 dicebatur,
1189 2996 1268 3072 qnod
1284 3015 1336 3058 ne·

250 3102 297 3162 fas
319 3107 383 3162 erat
404 3120 484 3162 more
500 3100 735 3177 Atheniensium,
763 3100 852 3175 idque
880 3115 939 3157 non
965 3098 1003 3156 ad
1024 3097 1205 3176 religionem,
1226 3097 1280 3158 sed
1297 3098 1337 3158 ad

253 3205 478 3265 coniurationem
509 3203 657 3279 pertinere
688 3199 942 3259 existimabatur.''
984 3198 1043 3259 Sed
1071 3200 1131 3259 iam
1163 3200 1202 3259 ad
1238 3205 1337 3263 cetera

254 3309 418 3384 veniamus,
440 3322 518 3382 quae
539 3301 786 3362 crtimndoersc'onc
808 3301 878 3362 sotis
896 3300 986 3378 diprao
1006 3302 1057 3361 ille
1078 3301 1238 3363 existimat.

290 3514 476 3594 proficiscens
497 3513 537 3572 cd
554 3512 677 3571 caedem.
702 3512 758 3586 ,ad
776 3529 865 3588 quam
882 3528 968 3570 nemo
987 3510 1133 3588 proficisci
1150 3511 1209 3570 dici
1229 3514 1336 3587 potest:

249 3638 319 3679 nam
343 3617 553 3696 proficiscimur
581 3614 621 3674 nd
649 3614 774 3692 siquem
807 3613 906 3692 iocans,
937 3631 996 3673 non
1017 3614 1057 3672 cd
1076 3612 1218 3672 caedem.”
1238 3614 1275 3671 R.
1296 3646 1337 3656 —

250 3724 343 3782 Immo
365 3721 397 3779 in
420 3721 512 3779 locam
533 3717 745 3796 proficiscimur
765 3721 795 3777 et
816 3717 855 3776 ad
876 3715 997 3794 aliquid.
1039 3717 1107 3775 Non
1124 3715 1276 3791 quaeritur
1286 3734 1336 3775 au-

249 3827 309 3881 tem
336 3822 366 3880 h.
397 3823 418 3879 l.
446 3838 500 3898 qno
530 3820 764 3897 proficisceretur
783 3819 922 3897 Catilina,
943 3819 996 3878 sed
1013 3819 1052 3878 ad
1072 3819 1142 3896 qaid
1162 3818 1336 3899 faciendam,

248 3924 286 3984 de
305 3940 364 3999 quo
386 3923 462 3981 bene
480 3922 645 3998 disputavit
661 3922 695 3980 B.
717 3921 859 3982 Eiusdem
879 3923 996 3996 generis
1014 3927 1083 3981 sunt
1104 3941 1130 3981 e.
1152 3939 1195 3997 gr.
1214 3922 1336 3981 odmen

256 4034 311 4086 tern
331 4026 418 4103 mitti,
449 4024 526 4101 duci,
546 4023 702 4101 proficisci,
724 4023 763 4082 od
789 4022 960 4102 colloquium
980 4025 1090 4104 venire,
1111 4026 1181 4086 alia.
1222 4026 1338 4087 Deinde

249 4132 366 4210 pergit:
387 4130 467 4205 ,Ex
498 4128 601 4189 eodem
628 4146 738 4203 genere
766 4132 812 4189 est
832 4127 908 4189 haec
927 4129 1118 4207 metaphora:
1142 4148 1179 4205 ,o
1200 4131 1280 4190 coins
1293 4131 1337 4189 cl-

250 4233 367 4294 toritas
399 4249 483 4308 saepe
509 4232 596 4292 istam
620 4231 740 4308 impiam
767 4230 916 4291 dexteram
943 4233 982 4292 ad
1002 4250 1099 4292 necem
1119 4232 1222 4291 nisinen
1242 4239 1336 4292 troas·

250 4336 351 4412 iniisti,
385 4352 461 4411 quac
491 4335 562 4410 quid
589 4334 755 4408 significare
781 4334 917 4412 debeant,
938 4336 987 4393 vel
1004 4336 1128 4414 possint,
1149 4354 1207 4396 non
1223 4335 1339 4414 capiossl
