3086 5192
758 484 795 541 52

237 644 340 706 stadtii
361 662 495 722 errorem,
519 642 659 719 tepentis:
682 660 738 700 uon
756 641 885 716 reserum
902 638 942 716 id,
965 636 1038 715 quod
1057 636 1194 695 oblrornot
1216 653 1234 694 o
1255 637 1324 695 meis

235 747 379 806 moribus''
401 751 457 806 cet.
479 747 515 805 R.
538 744 665 804 -Etsi
693 745 818 803 alteram
846 741 1004 802 lectionem
1026 739 1147 799 defendi
1166 756 1253 816 posse
1275 738 1324 797 do·

236 854 297 912 cuit
317 852 362 929 B,
384 849 456 908 milri
467 866 582 926 qnoque
597 846 839 921 distinguendum
855 845 956 921 potius
972 842 1090 903 videtur
1109 847 1177 920 post
1187 842 1325 920 referum,

234 972 294 1012 non
315 972 351 1013 eo
371 953 493 1011 consilio
514 956 623 1029 tamen,
644 954 678 1009 ut
695 954 854 1008 morestruru
868 946 936 1005 ioue
956 944 1039 1004 orosot'
1048 945 1177 1024 probem,
1196 943 1275 1020 quod
1286 945 1322 1002 R.

235 1056 332 1117 facere
365 1061 488 1116 conatur
511 1056 555 1115 ita
571 1053 743 1130 explicans:
768 1051 898 1126 ,indicat
920 1052 952 1108 τὸ
971 1048 1088 1126 referre,
1109 1048 1141 1106 id
1161 1047 1239 1123 quod
1259 1065 1325 1124 pro-

232 1163 330 1239 prium
361 1164 408 1219 est
432 1158 570 1235 consulis,
601 1174 660 1215 non
681 1156 776 1215 solum
804 1154 862 1212 sibi
882 1170 942 1211 non
962 1153 1089 1230 placere,
1111 1151 1325 1211 verumetiam

236 1263 294 1321 sibi
313 1278 379 1320 esse
397 1261 529 1319 odiosum
541 1258 568 1317 :²²
591 1257 644 1317 sed
673 1257 751 1333 quod
768 1256 891 1315 verbum
912 1255 1040 1330 referum
1060 1254 1136 1314 nihil
1156 1255 1252 1329 magis
1268 1255 1324 1313 hoe

232 1364 405 1444 pronomine
426 1362 559 1436 indigere
579 1360 675 1439 video,
697 1379 785 1436 quam
807 1377 896 1437 supra
914 1358 1003 1435 refer.
1046 1359 1125 1417 Nam
1145 1359 1183 1419 de
1205 1376 1263 1434 quo
1275 1377 1321 1418 re·

232 1469 386 1530 ferendum
404 1468 452 1546 sit,
474 1485 540 1526 cum
561 1483 578 1526 e
599 1470 663 1526 tota
681 1465 830 1525 sententia
846 1468 979 1542 apparet,
1000 1468 1063 1523 tum
1095 1482 1165 1523 vero
1196 1465 1324 1525 maxime

235 1574 384 1634 indicatur
410 1572 510 1633 verbis
553 1577 578 1628 to
609 1570 654 1628 ire
685 1570 717 1628 ta
745 1569 888 1628 scallam.
930 1570 995 1628 Neo
1027 1569 1142 1643 seiungi
1175 1569 1266 1628 velim
1292 1569 1324 1628 tu

237 1676 320 1756 quod,
342 1692 418 1751 quae
441 1668 660 1753 (convenientia
687 1678 787 1733 nostro
812 1671 865 1730 icta
885 1669 949 1748 dot)
967 1670 1097 1731 refermrt
1121 1671 1240 1748 plenam
1261 1689 1326 1732 sen·

232 1779 358 1840 tentiam
379 1777 414 1835 do
435 1776 538 1835 exsilio
556 1774 677 1852 referre,
699 1793 767 1852 non,
789 1773 868 1849 quod
886 1773 959 1833 mire
981 1779 1068 1851 putat
1092 1775 1139 1853 R,
1169 1775 1263 1834 solam
1279 1793 1322 1836 re·

237 1866 351 1942 ferendi
374 1880 529 1940 actionem.
571 1877 632 1937 Sed
662 1895 701 1936 ex
733 1878 829 1937 altera
859 1894 976 1951 quoque
1008 1877 1134 1937 lectione
1165 1883 1325 1938 monstrum

235 1982 385 2064 producit,
408 1982 451 2042 ita
471 1982 694 2057 interpretans:
726 1996 801 2053 „aon
826 1978 955 2053 reseram
986 1978 1026 2058 id,
1059 1979 1133 2057 qaod
1165 1986 1216 2039 cet.
1247 1981 1266 2051 t
1298 1998 1325 2040 e.

238 2107 297 2149 non
319 2104 384 2147 snm
404 2087 554 2146 relaturus
575 2084 612 2143 de
631 2084 737 2144 exsilio
759 2085 790 2142 in
820 2101 888 2143 eum
919 2083 1111 2162 decernendo,
1144 2085 1195 2160 qui
1222 2102 1324 2145 omnes

239 2193 320 2253 cives
341 2190 381 2250 ad
402 2190 526 2249 exitium
547 2205 582 2248 oc
601 2188 762 2247 uastitatem
779 2194 874 2266 vocat,
895 2187 928 2246 id
945 2189 1024 2247 enim
1044 2206 1139 2249 mores
1153 2191 1212 2249 mei
1224 2197 1325 2267 tempe·

235 2295 296 2353 rati
309 2291 505 2369 raodorotiquc
525 2308 585 2349 non
613 2290 743 2349 sinunt.''
764 2278 872 2350 Effecit
888 2309 993 2369 paene,
1024 2296 1058 2352 ut
1085 2310 1156 2352 vera
1187 2292 1323 2372 habeam,

236 2416 314 2473 quae
340 2397 426 2455 initio
451 2395 546 2472 dixit3
578 2394 666 2453 unius
687 2396 766 2454 enim
786 2396 923 2455 litemlae
941 2397 1106 2457 mutatione
1124 2398 1217 2475 ipsius
1234 2399 1325 2458 verba

237 2518 304 2560 mea
331 2499 417 2576 facio,
438 2498 632 2557 existimans:
655 2514 722 2555 oum
747 2496 779 2554 r'a
797 2496 935 2574 scriptore
958 2498 1130 2574 explicando
1150 2499 1326 2576 ineptissima

235 2602 355 2663 uersari.
399 2601 464 2659 Hoc
496 2605 595 2660 autem
616 2599 689 2658 dicit
710 2606 826 2659 orator:
848 2602 916 2659 Non
938 2601 1063 2662 referam
1085 2636 1125 2645 -
1145 2620 1203 2663 non
1218 2603 1325 2663 faciam

236 2709 315 2784 quod
336 2727 355 2766 a
375 2724 422 2765 me
440 2709 541 2764 contra
558 2706 654 2778 legem
683 2720 851 2779 moremque
871 2707 1014 2785 postulas,
1037 2707 1067 2766 id
1087 2708 1165 2782 quod
1187 2709 1324 2769 abhorret

237 2811 347 2872 amois
368 2808 507 2869 moribus.
529 2806 565 2867 cf.
588 2806 678 2866 etiam
698 2807 732 2866 Β.

277 3024 417 3078 ettamen
435 3016 553 3095 focium,
575 3022 607 3077 ot
625 3016 774 3092 intelliqos
802 3021 857 3076 cet.
887 3016 1026 3089 ,Mirifico
1048 3016 1171 3076 artificio
1189 3021 1326 3098 oratorio,

235 3139 341 3198 nempe
363 3120 481 3179 silentio
499 3123 625 3196 patrum,
646 3123 802 3194 postquam
823 3116 983 3175 Catilinam
1004 3135 1043 3176 ex
1063 3119 1136 3178 urbe
1158 3120 1240 3180 exire
1262 3121 1321 3181 ius-

240 3224 318 3300 serit,
339 3222 519 3281 declamator
537 3218 749 3278 demonstrabit
767 3218 806 3292 id,
828 3218 986 3294 quodiam
1005 3220 1210 3300 suctoreipso,
1231 3226 1325 3284 multo

235 3326 414 3386 luculentius
429 3342 448 3381 a
470 3324 655 3384 senatoribus
672 3322 783 3381 sactum
798 3341 864 3383 esse
885 3325 1053 3403 narratur§
1078 3326 1145 3385 16”.
1156 3328 1193 3386 R.
1204 3361 1244 3370 —
1255 3330 1324 3389 Non

234 3432 331 3508 ipsum
349 3427 499 3488 silentium
520 3430 637 3504 patrum
655 3427 778 3486 oratoris
795 3426 951 3487 artificium
976 3447 1050 3507 esse,
1082 3431 1136 3491 sed
1153 3433 1231 3507 quod
1250 3434 1323 3493 illud

234 3534 321 3612 quasi
337 3531 541 3611 provocaverit
559 3548 652 3608 eoque
673 3530 794 3590 mirifice
815 3535 931 3610 utatur,
953 3539 1033 3594 recte
1051 3535 1264 3598 demonstravit
1285 3539 1319 3598 Β.

234 3640 390 3698 Postrema
406 3652 477 3696 voro
497 3651 556 3694 non
566 3633 696 3711 attingit,
717 3638 821 3693 notatu
831 3636 931 3694 tamen
949 3635 1141 3711 dignissima:
1162 3638 1236 3701 dicit
1245 3641 1323 3700 enim

236 3744 284 3821 R,
294 3744 355 3801 iam
372 3746 435 3801 tum
453 3757 543 3816 quum
559 3740 682 3799 intraret
699 3738 839 3818 Catilina,
861 3745 1012 3801 senatores
1027 3740 1106 3817 sacto
1117 3762 1149 3802 rc
1159 3744 1224 3820 ipso
1233 3747 1326 3805 multo

236 3842 415 3902 luculentius
446 3836 486 3898 ad
516 3839 591 3900 haec
612 3841 750 3900 Consulis
771 3841 863 3900 verba
885 3842 1003 3904 silentio
1017 3844 1174 3925 iudicasse,
1196 3867 1234 3908 ex
1251 3850 1323 3909 urbe

175 3972 181 3981 ⁴
237 3944 448 4022 egrediendum
469 3944 497 4003 ei
518 3959 594 4002 esse.
635 3944 729 4003 Vides
744 3961 882 4019 quorsum
907 3947 1067 4008 cavillandi
1090 3950 1187 4010 studio
1202 3952 1323 4014 seduca-

237 4058 294 4129 tur,
316 4066 373 4127 quo
395 4047 485 4107 etiarn
503 4063 643 4120 magnum
664 4046 742 4121 quod
763 4046 840 4106 inter
857 4051 1014 4125 utrumque
1028 4052 1125 4112 locum
1139 4053 1253 4115 obtinet
1263 4056 1321 4115 dis·

238 4156 349 4215 crimen
370 4152 472 4210 videre
502 4147 668 4227 prohibitus
686 4154 741 4207 est.
783 4148 861 4207 Tum
880 4150 959 4208 enim
981 4151 1107 4229 (dequo
1128 4154 1188 4213 iarn
1211 4157 1249 4215 ad
1271 4158 1327 4215 ini·

236 4261 310 4319 tium
332 4254 475 4316 orationis
494 4250 637 4331 diximus)
659 4257 764 4330 sponte
786 4258 937 4314 senatores
955 4260 1134 4316 contemtum
1155 4276 1240 4319 suurn
1261 4261 1323 4320 odi-

235 4377 343 4438 umque
367 4357 496 4417 hominis
514 4355 726 4434 significarunt,
748 4357 908 4419 intrantem
936 4375 1023 4416 nemo
1052 4360 1202 4441 salutavit,
1232 4368 1262 4427 et
1284 4364 1323 4425 si-
