3086 5192
747 471 784 532 77

272 629 292 705 ξ
325 632 373 689 28.
402 628 499 688 Mosae
526 630 676 690 emiorum.
719 631 901 704 „Dicendum
932 630 1035 706 fuisset
1066 629 1197 706 exempta
1225 622 1312 688 maie

230 730 324 788 ram.''
355 733 391 791 R.
420 765 460 776 -
487 732 580 808 Ergo:
602 730 682 805 Quid
697 732 817 792 tandem
838 737 868 793 ie
889 732 1037 811 impedit?
1059 733 1206 810 Exempla
1222 733 1313 791 maio-

230 851 303 893 rum.
339 834 380 893 At
407 836 552 914 exemplis
580 835 702 895 eaeitari
726 835 863 913 solemus,
895 837 943 895 vel
961 835 1125 915 absterreri,
1146 852 1205 895 non
1225 834 1313 911 impe-

230 937 310 996 diri?
341 937 395 998 sed
425 937 481 1017 tea,
512 939 562 1000 vel
592 956 652 998 mos
683 937 817 999 homines
838 938 966 1016 impedit.
1007 941 1101 999 Reate
1122 943 1221 999 autem
1242 936 1315 998 dieit

230 1043 365 1104 Boetius:
400 1044 524 1118 „Nonne
541 1044 572 1103 id
593 1044 672 1120 quod
692 1045 796 1107 multis
814 1043 958 1122 exemplis
976 1061 1014 1103 ex
1034 1042 1160 1104 historia
1179 1045 1316 1102 Romana

229 1162 320 1222 saepe
347 1145 457 1206 fastum
478 1163 545 1207 esse
562 1145 756 1207 demonstrari
773 1151 899 1225 poterat,
920 1163 1028 1205 morem
1047 1145 1190 1206 amimam
1207 1145 1314 1206 eonsti-

229 1249 330 1310 mium
351 1248 439 1323 Quod
456 1267 542 1310 seeus
561 1254 662 1310 tamen
678 1249 823 1310 Rinkesio
840 1250 958 1310 videtur
967 1249 1091 1310 dieeuti:
1115 1250 1197 1325 ,Hae
1214 1255 1315 1310 tamen

229 1371 288 1412 uon
319 1354 472 1415 coustituit
499 1371 606 1412 morem
619 1353 777 1422 maiorum·
798 1354 972 1431 praesertim
989 1370 1079 1428 quum
1097 1352 1207 1430 priuati
1224 1352 1256 1413 id
1272 1352 1314 1412 ie·

230 1459 306 1519 aisse
327 1457 476 1536 dieantur3
498 1457 552 1518 sed
566 1459 660 1518 multo
680 1459 771 1518 etiam
792 1457 898 1536 minus,
920 1456 1000 1533 quod
1017 1456 1093 1516 illud
1107 1475 1247 1535 persaepe
1263 1452 1314 1517 ab·

231 1559 320 1620 surdo
347 1560 477 1636 augendi
508 1560 607 1622 studio
623 1562 752 1638 positum
771 1559 837 1619 sit.''
880 1557 1109 1637 Opraeeiaram
1128 1566 1315 1634 argumenta-

231 1662 354 1722 tionem!
386 1660 473 1736 Quod
493 1667 591 1723 orator
615 1663 705 1723 etiam
733 1663 914 1740 privatorum
941 1662 1108 1722 meminerit
1133 1661 1190 1740 (df.
1217 1662 1238 1740 ξ
1262 1661 1314 1742 3.);

231 1763 284 1824 sed
314 1765 346 1823 in
370 1764 473 1841 primis
497 1765 576 1840 quod
597 1764 724 1825 absurde
746 1782 886 1842 persaepe
905 1770 1005 1843 ponat,
1026 1765 1162 1842 exempla
1183 1765 1236 1824 illa
1255 1783 1315 1825 non

231 1865 408 1927 constituere
426 1883 532 1925 morem
548 1866 707 1926 maiorum!
734 1866 794 1928 Sed
821 1867 933 1925 nullum
951 1865 1080 1941 augendi
1099 1866 1228 1927 studium
1244 1867 1274 1926 h.
1293 1869 1314 1928 l.

231 1987 306 2046 esse,
328 1972 358 2029 et
375 1974 454 2030 reete
474 1972 607 2046 privatos
624 1971 714 2030 etiam
746 1971 900 2029 memorari
926 1969 1056 2030 ostendit
1083 1970 1214 2029 Boetius.
1236 1970 1312 2029 eonf.

231 2074 320 2134 etiam
339 2074 359 2151 ξ
379 2075 411 2131 3:
435 2074 533 2151 „Fuit
561 2072 617 2133 fuit
641 2075 700 2134 ista
728 2073 876 2148 quondam
893 2074 925 2132 iu
945 2072 1002 2132 hae
1019 2092 1051 2132 re
1072 2072 1314 2151 publicavimus,

231 2178 264 2237 ut
285 2174 342 2235 viri
359 2173 469 2237 fortes'’
487 2178 543 2235 eet.

273 2383 318 2442 Aa
335 2383 475 2444 iaoidiam
488 2386 666 2462 posteritatis
684 2385 787 2446 tiroes?
811 2385 944 2461 ,Irsvaidia
958 2385 1136 2464 posteritatis
1146 2392 1193 2448 est
1203 2405 1312 2466 eorum,

232 2486 283 2560 qui
296 2492 363 2563 post
380 2505 434 2548 nos
451 2493 545 2549 erunt.
567 2522 607 2533 -
627 2487 661 2548 Si
681 2494 781 2550 tamen
802 2490 875 2566 quod
893 2489 1019 2550 voluerit
1035 2489 1135 2551 rhetor
1151 2492 1313 2568 quaeritur,

230 2607 289 2649 non
317 2591 418 2654 dubito
446 2594 518 2669 quin
542 2593 682 2653 iuvidiam
710 2593 888 2671 posteritatis
915 2595 1104 2671 usurpaverit
1126 2595 1163 2655 de
1181 2600 1312 2672 tempore

230 2710 299 2752 mox
315 2694 422 2775 futuro,
443 2698 561 2757 vivente
579 2697 728 2777 Oieerone,
750 2716 809 2774 quo
833 2717 919 2758 seusa
949 2699 1095 2759 etiamad
1113 2717 1148 2759 eo
1168 2705 1312 2778 usmpata

230 2794 368 2855 videntur
399 2815 435 2856 ea
457 2798 557 2876 verba,
588 2816 664 2874 quae
689 2817 778 2876 supra
801 2800 952 2860 laudavi.'’
981 2803 1079 2861 11.-
1099 2803 1185 2864 Dixit
1210 2807 1311 2864 autem

230 2914 333 2975 supra:
367 2899 500 2973 ,Dubius
527 2899 621 2977 haesi,
649 2917 707 2975 quo
735 2918 820 2959 sensa
837 2902 1000 2978 aeeiperem
1016 2902 1091 2964 haee
1111 2906 1255 2965 voeabula
1273 2924 1311 2966 ex

231 3001 251 3077 ἓ
281 3004 334 3061 22:
363 3008 471 3081 qaaata
498 3008 648 3080 tempestas
675 3001 803 3061 inuidiae
830 3002 911 3061 aedis
941 3002 974 3061 ia
987 3003 1183 3080 posteritatem
1202 3006 1311 3083 irnperi-

230 3102 312 3162 deot:
344 3122 421 3179 quae
448 3103 573 3165 fortasse
597 3104 744 3183 duplicem
768 3105 1040 3183 interpretationem
1061 3106 1250 3168 admittunt.''
1269 3142 1311 3152 ·-

228 3206 293 3267 Hoe
320 3208 428 3268 vellem
448 3209 651 3286 explicuisset:
673 3188 743 3268 nam
760 3210 904 3284 quomodo
925 3215 1087 3289 tempestas
1108 3212 1240 3274 invidiae
1257 3214 1310 3273 ali-

230 3309 277 3367 eui
299 3307 462 3385 imperdere
480 3309 572 3386 possit
592 3311 671 3386 apud
689 3328 742 3389 eos,
761 3311 810 3389 qai
823 3318 963 3388 posteam
977 3320 1068 3393 erum,
1090 3332 1148 3375 non
1166 3315 1310 3392 intelligo.

230 3409 290 3471 Sed
308 3417 432 3489 utroque
452 3414 516 3473 loeo
536 3413 639 3475 Oieero
656 3433 722 3475 eam
739 3415 882 3475 invidiam
899 3417 981 3495 dicit,
1003 3436 1091 3494 quam
1119 3418 1151 3478 ia
1165 3426 1311 3497 posteram

228 3515 286 3575 sibi
310 3515 461 3577 imminere
482 3519 653 3598 praesentit,
682 3519 761 3595 quod
791 3522 948 3596 postremis
970 3522 1060 3580 etiam
1087 3521 1177 3581 huius
1204 3525 1311 3601 eapitis

227 3621 342 3681 verbis:
373 3640 460 3700 qaam
485 3621 558 3680 betto
581 3620 741 3681 vastabitur
771 3621 861 3681 Italia
892 3656 932 3666 -
963 3628 1023 3682 tam
1043 3631 1070 3683 te
1087 3643 1144 3684 aaa
1162 3626 1312 3688 eatsttmes

228 3722 355 3781 iaoidiae
381 3721 513 3782 incendio
541 3723 809 3799 ooastaprataram?
830 3729 916 3784 extra
939 3741 1024 3786 omne
1041 3726 1163 3788 dubium
1182 3731 1309 3808 ponitur.

228 3823 350 3884 Boetius
377 3825 461 3885 aneis
492 3825 605 3885 inoluso
633 3825 776 3885 voeabula
804 3825 990 3906 posteritatis,
1022 3831 1113 3890 talem
1143 3830 1232 3893 huius
1266 3836 1310 3896 rei

228 3927 371 3988 rationem
409 3926 518 3987 reddit:
553 3928 739 4002 „Ridieuiam
768 3930 971 4004 quaestionem
1001 3933 1181 4008 corrigamus
1212 3935 1310 3997 deleto

228 4047 291 4089 voe.
311 4030 497 4109 posteritatis,
518 4031 596 4107 quod
614 4031 722 4091 seioius
745 4049 761 4091 e
783 4032 803 4109 5
824 4035 872 4111 22,
893 4033 944 4092 ubi
963 4052 979 4094 e
997 4035 1144 4096 scribendi
1165 4038 1239 4097 vitio
1257 4057 1309 4098 na-

227 4141 290 4196 tum
311 4141 382 4213 erat,
404 4134 462 4195 huo
480 4136 611 4196 intulit’:
634 4154 692 4214 quo
712 4139 776 4197 loeo
796 4156 849 4215 pro
867 4138 898 4196 io
912 4140 1106 4215 posteritatem
1123 4142 1309 4202 seribendum

228 4240 396 4317 suspicatur
419 4239 452 4297 ia
476 4246 622 4316 posteram
648 4245 751 4318 tamon,
779 4241 969 4302 vehementer
990 4242 1138 4321 dubitans,
1159 4263 1198 4303 an
1216 4251 1308 4322 poste-

230 4343 302 4402 ritas
331 4345 439 4422 opponi
470 4347 565 4422 possit
590 4345 738 4422 praesenti
769 4346 897 4422 tempori.
939 4347 1029 4409 Miror
1050 4365 1115 4407 eum
1133 4365 1191 4409 nou
1208 4351 1309 4411 memi-
