3086 5192
790 474 830 534 30

268 640 360 697 tatem
381 629 594 711 nullomodo;''
616 633 698 693 Brut.
717 633 782 712 XL,
804 635 872 693 141:
896 634 1040 708 „Crassus
1051 635 1082 693 iu
1092 650 1208 694 summa
1222 628 1354 698 comitate

161 748 169 777 ⁹
268 734 398 798 habebat
429 738 519 797 etiam
551 735 709 795 seruitutis
734 736 822 815 satis3
856 735 1017 798 Scaevolae
1044 738 1139 798 multa
1156 739 1187 797 in
1205 740 1355 801 severitate

268 860 328 904 non
345 843 447 903 deerat
474 848 574 903 tamen
605 841 751 901 cernitar.''
794 843 842 902 Ex
862 843 969 917 quibus
989 843 1062 903 locis
1083 858 1227 922 apparere
1245 851 1353 926 potest,

266 950 449 1024 quantopere
460 945 589 1004 alienum
600 944 823 1004 sitaRinkesio
833 947 1015 1023 propositum
1026 947 1195 1025 exemplum
1206 947 1246 1006 oet
1253 950 1353 1026 peot-

267 1052 338 1112 ciem
368 1051 488 1111 utilius:
516 1053 632 1129 aptiora
652 1050 721 1111 huic
741 1052 814 1130 loco,
845 1053 870 1110 si
891 1051 1103 1113 similitudines
1123 1058 1213 1132 amat,
1234 1055 1263 1114 ei
1284 1073 1352 1132 sup-

266 1155 421 1234 peditabo:
452 1172 478 1214 e.
507 1131 553 1229 gr.x
584 1171 621 1213 ea
651 1171 727 1229 quae
758 1151 843 1231 dicis,
876 1151 915 1213 ad
951 1153 1039 1215 fidem
1070 1157 1168 1216 minus
1200 1157 1354 1218 credibilia

266 1263 344 1338 smrt,
365 1258 404 1318 ad
425 1255 558 1316 auditum
576 1255 763 1316 iucundiora:
784 1288 824 1300 -
855 1258 894 1316 ad
924 1274 1077 1318 stammam
1110 1256 1185 1320 haec
1209 1261 1353 1338 pauciora

267 1366 345 1440 sunt,
377 1361 417 1421 ad
441 1378 527 1421 usum
550 1360 690 1438 meliora3
722 1361 782 1421 alia
814 1361 968 1422 eiusmodi.
1010 1362 1092 1423 Dicit
1119 1363 1212 1438 igitur
1239 1370 1351 1426 orator:

269 1464 394 1538 ,faciam
420 1463 461 1542 id,
492 1461 570 1539 quod
602 1466 649 1522 est
679 1462 718 1522 ad
739 1465 927 1526 severitatem
950 1463 1153 1543 (severitatem
1174 1469 1201 1527 si
1219 1465 1352 1547 spectas)

269 1566 362 1627 tectus
393 1566 426 1645 (i.
454 1584 481 1626 e.
502 1566 614 1643 mitius,
634 1566 732 1626 minus
749 1567 897 1646 severum)
917 1568 999 1630 etad
1018 1586 1201 1631 communem
1223 1573 1351 1634 salutem

266 1671 398 1735 utilius.'’
441 1671 528 1744 Quod
557 1672 679 1732 Bootius
704 1674 850 1752 proponit,
883 1673 996 1754 tectius,
1021 1680 1101 1736 recte
1120 1693 1153 1737 se
1170 1676 1303 1757 haberet,
1324 1680 1351 1738 si

266 1775 465 1855 praecederet,
487 1774 526 1833 ed
542 1774 756 1854 vehementiam,
778 1776 965 1857 ferocitatem,
976 1779 1169 1860 iracundiam,
1190 1783 1259 1861 alia,
1281 1800 1350 1843 nam

265 1878 355 1938 huius
371 1876 508 1937 vocabuli
526 1876 703 1951 significatio
720 1880 781 1940 late
798 1884 895 1960 patet3
918 1881 1062 1942 secerdoti
1077 1888 1186 1963 autem,
1208 1893 1350 1963 quantum

267 1982 397 2059 memini,
418 1998 478 2041 non
494 1981 661 2058 opponitur.

243 2157 244 2160 Ἴ
306 2187 442 2249 residebit
465 2186 498 2247 io
526 2188 683 2266 republica.
727 2188 860 2263 ,Voluitt
890 2190 922 2249 ta
942 2189 1013 2251 orbe
1033 2190 1169 2253 residebit
1176 2216 1187 2262 ;
1209 2212 1278 2254 nam
1299 2195 1351 2272 qui

266 2295 297 2352 in
315 2297 414 2354 castra
430 2292 574 2352 Malliana
583 2290 851 2369 proficiscebantur,
874 2293 906 2352 in
926 2295 1078 2371 republica
1099 2313 1213 2372 quoque
1235 2297 1349 2358 erant.”

265 2394 302 2454 R.
324 2426 364 2436 —
382 2393 468 2473 Vide,
496 2410 555 2470 quo
572 2393 684 2454 feratur
700 2394 841 2471 carpendi
862 2396 974 2456 studio:
996 2399 1022 2457 si
1044 2400 1123 2458 enim
1144 2405 1250 2479 orator,
1271 2402 1349 2478 quod

264 2497 317 2559 ille
338 2496 522 2574 praescribit,
543 2496 575 2554 ta
595 2495 665 2555 orbe
682 2495 816 2575 dixisset,
838 2498 866 2558 ei
884 2498 1033 2578 obiiceret,
1054 2500 1087 2560 io
1103 2502 1263 2580 republica
1283 2522 1349 2564 esse

265 2601 430 2678 dicendum,
451 2601 591 2677 quoniam
608 2601 659 2676 qui
676 2599 708 2657 in
729 2605 827 2660 castra
846 2600 1108 2683 proficiscerentur,
1130 2612 1231 2668 essent
1250 2611 1350 2667 tamen

265 2707 298 2766 in
317 2704 487 2783 republica.
508 2703 680 2763 Cuiusmodi
701 2703 762 2763 iere
781 2710 985 2780 argumentum
999 2726 1066 2768 eum
1084 2709 1256 2772 adhibuisse
1273 2711 1348 2771 vidi·

265 2826 332 2869 mus
357 2809 377 2887 ξ
397 2809 425 2867 5.
447 2806 487 2866 ad
517 2807 622 2867 verba:
655 2806 735 2867 tetro
756 2809 869 2869 oweaiu
890 2809 1057 2872 intestinam
1073 2814 1240 2894 perniciora,
1262 2831 1350 2890 quem

192 2960 206 2987 ,
264 2916 361 2975 locun
387 2911 437 2972 hio
463 2912 583 2991 confert,
624 2915 658 2971 ut
685 2913 823 2973 ostendat
850 2913 972 2991 scilicet,
1003 2919 1128 2991 utroque
1148 2916 1212 2973 loco
1233 2916 1351 2991 lapsum

264 3034 331 3078 esse
359 3014 519 3076 rhetorem:
549 3013 586 3074 de
608 3015 660 3073 illo
678 3021 777 3075 autem
792 3015 1007 3090 supradictum
1025 3019 1078 3092 est,
1100 3016 1137 3074 de
1152 3014 1208 3073 hoc
1225 3016 1285 3074 iam
1303 3019 1349 3076 vi-

265 3121 397 3183 deamus.
438 3121 539 3178 Primo
564 3117 716 3177 confundit
737 3120 837 3176 noster
854 3116 944 3175 duces
962 3117 1173 3177 coniurationis
1194 3137 1261 3178 oum
1282 3123 1348 3179 vul-

264 3241 312 3301 go,
340 3222 418 3297 quod
443 3219 540 3278 adhuc
567 3219 598 3276 in
626 3218 732 3276 castris
749 3218 901 3278 Mallisnis
930 3223 1002 3298 erat,
1033 3220 1070 3280 de
1092 3239 1150 3295 quo
1178 3223 1253 3281 conf.
1282 3222 1349 3282 Sal-

265 3326 335 3383 lust.
357 3341 421 3399 cap.
440 3323 489 3400 28,
510 3324 538 3380 4.
580 3320 621 3379 Hi
642 3320 773 3380 latrones
791 3325 821 3381 et
838 3321 957 3382 infimae
978 3323 1040 3384 iere
1057 3324 1235 3385 conditionis
1255 3326 1348 3387 homi-

264 3445 319 3489 nes
349 3428 448 3505 palam
479 3429 581 3487 contra
615 3425 742 3502 patriam
780 3444 864 3486 arma
894 3433 1031 3502 gerentes
1069 3431 1204 3490 nonnihil
1235 3433 1349 3492 timoris

264 3532 389 3593 subinde
413 3548 467 3608 per
497 3529 616 3589 ltaliam
638 3529 832 3608 concitabant,
861 3549 916 3590 nee
948 3537 1047 3592 tamen
1068 3552 1159 3608 grave
1180 3535 1218 3594 ab
1235 3535 1283 3594 his
1304 3537 1348 3594 rei

263 3638 400 3717 publicae
417 3636 580 3713 periculum
590 3634 777 3694 imminebat:
798 3635 924 3696 illivero
942 3637 1134 3698 clandestinis
1152 3640 1284 3698 consiliis
1303 3640 1348 3699 rei

263 3745 401 3821 publicae
415 3741 576 3818 perniciem
590 3740 796 3818 moliebantur,
815 3758 871 3800 nec
890 3746 1001 3817 quanto
1012 3761 1133 3803 numero
1150 3759 1266 3818 quoque
1283 3743 1348 3803 loco

263 3851 372 3924 essent,
404 3844 478 3904 satis
506 3849 585 3904 certo
610 3843 679 3903 seiri
709 3848 835 3920 poterat,
863 3849 1004 3920 erantque
1022 3846 1067 3905 ita
1083 3848 1175 3905 multo
1196 3846 1293 3920 magis
1309 3845 1345 3905 ti-

264 3952 373 4012 mendi.
414 3948 540 4026 Deinde,
561 3947 616 4007 hos
634 3948 730 4007 socios
745 3965 804 4006 non
822 3948 936 4007 inurbe
957 3955 1081 4028 tantum,
1110 3949 1164 4010 sed
1183 3968 1237 4027 per
1254 3954 1347 4011 totam

263 4055 383 4117 Italiam
410 4057 583 4127 ceterasque
601 4051 645 4109 rei
666 4049 803 4127 publicae
831 4055 932 4127 partes
950 4051 1099 4129 dispersos
1119 4053 1220 4131 fuisse,
1243 4057 1273 4113 et
1300 4070 1346 4112 ce

264 4159 399 4235 teroquin
416 4154 601 4231 intelligitur,
623 4157 653 4213 et
668 4152 748 4229 apud
767 4151 889 4213 Sallust.
908 4152 986 4232 (cap.
1009 4154 1071 4232 21.)
1112 4155 1243 4215 Catilina
1256 4153 1357 4212 etiam·

264 4266 455 4341 imperatores
472 4260 504 4318 in
522 4258 652 4320 externis
681 4257 843 4336 provinciis
861 4258 1072 4318 coniurationis
1093 4259 1189 4319 socios
1206 4257 1347 4318 nominat.

264 4368 305 4428 Hi
329 4383 429 4427 omnes
457 4364 548 4436 igitru
576 4364 611 4441 si,
636 4362 809 4440 priusquam
829 4364 918 4441 plane
936 4363 1053 4423 detecta
1074 4367 1104 4423 et
1121 4380 1262 4441 oppressa
1279 4378 1347 4424 con-
