3086 5192
792 472 829 531 32

270 649 327 712 quo
359 636 460 695 intima
490 634 575 712 plebs
603 632 779 692 continetur.
820 632 913 691 Recte
941 629 1032 704 igitsn·
1063 630 1185 690 comites
1205 625 1354 690 Catilinae

270 739 334 818 (qui
361 741 464 816 quales
482 742 582 798 essent
609 737 749 796 discimus
770 753 808 795 ex
830 734 951 794 Sallust.
972 751 997 793 e.
1028 735 1075 811 16,
1094 735 1142 812 37,
1171 738 1201 792 ot
1228 733 1354 812 passim)

268 859 375 919 napata
396 849 423 902 ct
437 841 602 919 peruiciosa
623 839 737 899 scrotina
752 838 876 916 reipubl.
887 843 1039 916 vocantur,
1050 837 1252 898 consentiente
1264 839 1355 898 etiam

267 946 380 1024 Restio,
398 946 449 1023 qui
460 950 560 1005 tamen
570 943 684 1020 patritio.
704 940 883 1021 definitivam
903 958 962 1001 non
972 958 1166 1019 concoquens,
1182 941 1354 1020 utvidetur,

268 1046 383 1106 trabam
394 1047 540 1107 excidisse
561 1049 656 1123 putat,
674 1045 754 1121 quod
766 1061 821 1104 noo
843 1061 917 1121 opus
937 1045 1119 1120 nequeutile
1141 1046 1352 1106 essearbitror.

307 1259 328 1333 ξ
348 1258 396 1314 13.
418 1255 496 1314 Nom
516 1253 654 1313 dubitas?
678 1252 901 1328 „Interrogandi
918 1254 1065 1332 particula
1083 1271 1152 1313 aum
1167 1255 1290 1331 requirit
1301 1274 1353 1315 ne·

266 1360 395 1419 cessario
405 1358 602 1433 negationem.
624 1355 997 1436 SiOiceroigitunsctcbat‚
1019 1356 1090 1435 quid
1108 1355 1239 1417 Catilina
1259 1357 1352 1418 iactu·

265 1480 315 1523 rus
336 1468 425 1541 esset,
446 1461 565 1522 defendi
580 1467 675 1537 posset
696 1460 771 1520 haec
792 1461 909 1521 dicendi
926 1463 1017 1521 ratio:
1040 1461 1119 1538 quod
1137 1461 1352 1538 sequituuvero

265 1585 335 1627 saum
359 1567 392 1625 iu
419 1566 578 1625 scottiam?
607 1564 767 1624 absurdum
796 1565 870 1625 est.''
892 1565 929 1624 R.
951 1598 991 1608 —
1012 1565 1077 1624 Hoc
1095 1564 1171 1624 bene
1190 1569 1290 1626 tuetur
1306 1566 1351 1645 B.‚

264 1669 339 1730 illud
363 1669 470 1746 omisit,
498 1667 598 1727 taedio
623 1665 749 1726 fortasse
781 1667 960 1741 inelegantis
990 1672 1020 1726 et
1049 1667 1180 1727 incertae
1199 1668 1350 1728 orationis.

264 1769 325 1832 Sed
335 1770 390 1830 hoo
402 1774 480 1830 certe
491 1769 560 1828 inde
571 1772 764 1845 apparet‚non
774 1768 886 1827 vidisse
897 1768 1084 1847 Rinkesium‚
1096 1770 1284 1844 negationem
1291 1771 1351 1830 iarn

264 1876 363 1954 parari
387 1876 449 1934 illis
479 1874 592 1934 verbis:
620 1872 691 1950 quid
718 1878 760 1932 cst
790 1871 942 1934 Catilina?
971 1876 1057 1952 quasi
1088 1893 1126 1935 ex
1143 1893 1193 1936 ore
1208 1878 1350 1954 vultuque

264 1979 329 2039 eius
360 1978 510 2052 intelligat
537 1981 635 2036 orator
654 1977 733 2035 nollo
751 1994 818 2036 eum
837 1977 928 2056 exire,
949 1983 983 2037 ut
1001 1978 1082 2056 apud
1100 1980 1204 2040 Horat.
1224 1979 1308 2040 Serm
1325 1982 1350 2059 Ι,

266 2087 293 2161 1,
321 2086 369 2143 19:
413 2080 510 2157 „Quid
542 2080 653 2141 statis?
675 2082 818 2142 Nolunt.’'
860 2082 958 2156 Igitur
974 2100 1033 2142 non
1052 2083 1173 2144 defendi
1194 2083 1278 2143 modo
1296 2084 1350 2144 illa

264 2191 396 2267 possunt,
418 2187 471 2248 sed
492 2187 575 2247 nulla
593 2185 712 2264 quidem
729 2185 900 2247 defensione
918 2193 1015 2262 egent.

308 2394 382 2471 qood
413 2393 473 2453 tom
504 2400 554 2453 tao
582 2401 680 2472 sponte
715 2394 854 2471 faciebas.
907 2399 1061 2471 „Halmius
1090 2401 1221 2479 adnotat,
1252 2402 1350 2477 socero

263 2496 384 2576 colebas,
412 2499 491 2576 quod
517 2499 677 2559 absurdum
691 2505 749 2560 est:
772 2518 842 2560 narn
863 2500 994 2562 Catilina
1005 2503 1139 2579 facturus
1160 2511 1224 2565 croi
1244 2511 1349 2583 sponte

265 2600 305 2678 id,
326 2600 405 2677 quod
422 2620 500 2661 nuno
520 2603 549 2661 ei
570 2602 708 2680 imperari
729 2602 866 2664 dicitur.”
888 2605 924 2664 R.
946 2638 987 2649 -
1007 2607 1074 2667 Etsi
1087 2610 1164 2669 ratio
1185 2610 1348 2686 quamred-

264 2703 309 2762 dit
340 2705 490 2763 obscurior
521 2710 576 2782 est,
603 2722 662 2764 non
680 2705 804 2766 obscure
822 2710 922 2767 tamon
953 2709 1226 2787 interpretationem
1243 2716 1349 2792 impro-

264 2805 325 2883 bat,
356 2821 433 2882 quae
461 2806 547 2866 unice
578 2824 650 2866 vera
667 2807 795 2890 videtin,
817 2827 873 2870 neo
889 2816 1004 2888 pugnat
1021 2820 1124 2875 contra
1141 2834 1227 2875 usum
1242 2834 1349 2877 sermo·

264 2911 321 2970 nis.
363 2908 444 2982 Quid
464 2916 564 2972 autem
584 2911 687 2973 Cicero
706 2915 854 2992 imperat?
876 2917 1032 2994 Nimirum,
1053 2927 1087 2977 at
1108 2926 1198 2978 occat.
1221 2921 1264 2980 At
1284 2923 1350 2997 ipse

265 3017 397 3079 Catilina
418 3034 451 3077 so
469 3018 550 3077 exire
568 3017 646 3076 velle
664 3017 888 3077 confirmaverat
906 3019 926 3093 ᾖ
950 3022 982 3076 9;
1004 3035 1074 3092 ergo
1088 3024 1150 3078 turn
1168 3038 1224 3080 sua
1245 3030 1352 3099 sponte

264 3119 297 3180 id
320 3120 418 3180 facere
445 3119 573 3193 volebat,
604 3119 721 3193 agebat,
754 3117 832 3192 quod
864 3118 923 3175 iarn
937 3118 1074 3178 iubetur.
1117 3123 1239 3184 Poterat
1260 3127 1352 3186 etiam

265 3220 294 3278 lr.
320 3220 340 3278 1.
369 3218 467 3277 dicere
492 3217 605 3294 apcbm,
627 3218 680 3275 sed
698 3235 756 3293 quo
778 3218 884 3277 melius
900 3221 1079 3298 respondeat
1095 3226 1351 3308 praecedentibus,

265 3338 309 3378 orac
326 3320 486 3396 imperante
503 3318 609 3396 facore,
631 3318 712 3397 dicit,
735 3326 864 3382 streete
887 3322 985 3384 dicere
1002 3331 1109 3406 potest,
1131 3327 1261 3403 faciebas
1281 3334 1301 3393 i.
1324 3352 1349 3394 e.

265 3426 414 3484 inanimo
434 3423 567 3483 habebas
590 3423 696 3502 facere,
718 3426 880 3500 cogitabas.
923 3430 988 3490 Nec
1005 3431 1110 3492 Bootio
1127 3438 1266 3496 assentiri
1282 3455 1349 3514 pos-

265 3546 331 3589 sum
350 3528 504 3589 verissime
524 3527 695 3589 Ciceronem
704 3546 808 3603 rogaro
816 3531 961 3607 potuisse:
983 3532 1062 3593 Num
1079 3529 1194 3596 dubitas
1214 3572 1256 3582 -
1276 3542 1351 3618 quod

265 3633 326 3693 mm
344 3638 394 3693 tou
409 3638 507 3709 sponte
524 3632 624 3707 focis?
646 3634 752 3710 Neque
770 3634 849 3693 enim
870 3635 971 3697 exibat
988 3635 1132 3719 Catilina3
1155 3642 1208 3701 scd
1226 3644 1284 3702 iam
1305 3645 1349 3704 iu-

235 3718 239 3723 *
266 3737 354 3797 bente
382 3735 510 3796 iionsule
541 3735 677 3796 dubitare
698 3736 855 3797 videbatur
882 3738 913 3797 id
940 3738 1046 3817 facere,
1079 3743 1158 3819 quod
1184 3746 1267 3821 prius
1295 3764 1350 3807 sua

266 3845 371 3917 sponte
391 3838 529 3917 iaciebat,
550 3840 668 3917 agebat,
688 3841 822 3917 parabat.

304 4068 363 4110 ooo
390 4050 481 4129 iubeo,
511 4051 561 4109 sed
582 4051 697 4110 suadeo.
742 4052 892 4126 „Stultum
911 4056 966 4117 hoc
984 4065 1053 4138 est3·
1065 4079 1133 4120 nam
1154 4081 1213 4122 non
1233 4071 1350 4141 poterat

264 4155 537 4216 CiceroOatilinam
548 4153 649 4213 iubere
663 4154 693 4212 in
705 4156 842 4215 exsilium
859 4159 915 4237 ire3
940 4160 1026 4221 oolla
1037 4164 1112 4223 caim
1130 4165 1177 4224 teu
1194 4167 1275 4225 ocu
1293 4175 1349 4229 oet.

264 4258 301 4316 R.
332 4289 372 4299 -
402 4257 495 4314 Immo
525 4258 650 4316 stultum
675 4259 782 4335 potius,
813 4261 840 4318 si
871 4261 999 4340 iuberet3
1029 4266 1088 4324 iarn
1105 4267 1266 4344 prudenter
1286 4273 1350 4346 agit

265 4365 361 4422 orator
385 4377 443 4423 non
476 4360 604 4422 iubendo
631 4363 671 4439 id,
693 4363 772 4439 quod
791 4382 845 4441 por·
866 4367 962 4440 legem
984 4374 1014 4431 et
1035 4388 1143 4434 morem
1172 4393 1231 4437 non
1251 4376 1349 4438 liceat.
