3086 5192
780 461 818 525 46

257 625 459 703 praecedentia
480 645 498 685 u
517 626 617 703 patria
638 644 697 684 esre
714 626 819 685 dicte?
841 624 901 686 Sed
922 624 986 686 fieri
1003 625 1077 685 illud
1094 622 1344 705 solereridemus‚

261 747 351 804 quum
366 730 491 806 loquens
508 729 575 805 quis
591 729 728 789 inductus
750 729 797 808 sit,
818 733 852 789 ut
869 727 982 789 finitam
1003 729 1068 789 eius
1086 729 1248 790 orationem
1269 747 1345 808 esse,

261 834 379 910 iamque
396 832 435 892 ad
452 849 625 910 responsum
646 833 695 891 vel
716 831 755 890 ad
783 835 882 891 cetera
905 848 938 891 se
958 832 1085 892 transire
1106 836 1205 892 orator
1225 833 1346 911 indicet,

261 935 719 1013 quodvariomodofieripotest.
742 935 832 995 Initio
843 952 906 1013 cap.
925 936 995 1013 XII,
1007 952 1097 1012 quum
1117 953 1179 996 rem
1196 937 1347 1013 publicam

261 1039 428 1114 loquentem
449 1038 623 1116 induxisset,
644 1036 692 1097 his
709 1038 808 1096 verbis
825 1054 892 1096 eam
912 1038 1025 1098 dixisse
1042 1043 1144 1099 notum
1165 1039 1250 1099 facit:
1273 1041 1348 1113 „His

262 1156 318 1214 ego
339 1140 534 1199 sanctissimis
557 1140 614 1199 Rei
634 1140 772 1216 publicae
799 1140 982 1199 vocibus-
1008 1158 1105 1218 pauca
1135 1142 1346 1221 respondebo‚'’

263 1244 351 1305 aliter
368 1243 454 1322 alib13
475 1244 505 1303 h.
526 1247 546 1302 l.
569 1243 745 1320 repetitione
762 1244 1011 1322 quadameorum,
1033 1247 1205 1323 quaeprius
1221 1246 1348 1323 dixerat,

265 1348 380 1424 „patria
410 1378 451 1390 -
478 1365 555 1424 quae
586 1351 684 1406 tecum
716 1346 760 1406 sic
778 1346 841 1420 agit
863 1351 895 1407 et
909 1346 1124 1423 quodammodo
1140 1348 1234 1408 tacita
1253 1348 1348 1424 loqui·

261 1452 338 1531 tur‚''
359 1452 467 1531 quibus
484 1470 574 1529 quum
595 1469 654 1511 non
672 1452 746 1510 satis
756 1450 955 1529 respondeant
971 1452 1076 1512 verba:
1101 1453 1193 1527 „haec
1207 1454 1233 1513 si
1250 1458 1349 1513 tecum

262 1555 361 1633 patria
384 1554 548 1633 loquatur,''
578 1559 684 1633 orator,
715 1572 753 1614 ne
781 1554 897 1631 reliqua
914 1554 1020 1614 iisdem
1040 1555 1140 1614 verbis
1161 1555 1276 1633 reddat,
1296 1556 1347 1616 ad⁴

265 1658 336 1719 ditis
353 1663 385 1718 ut
406 1657 470 1718 diei
490 1675 523 1718 se
543 1656 659 1735 patriae
679 1661 779 1733 partes
800 1657 898 1732 egisse
919 1657 1073 1718 ostendere
1092 1657 1219 1719 videtur.

304 1885 399 1929 contre
429 1867 585 1944 inpetrare
616 1865 724 1943 debeat,
757 1864 869 1925 etiamsi
900 1866 957 1925 otor
984 1865 1122 1926 adtibme
1152 1884 1210 1926 nea
1233 1867 1348 1942 possit?

268 1973 382 2048 „Igitur
409 1972 507 2049 patria
534 1976 609 2030 certe
636 1970 809 2047 impetraret
839 1971 871 2030 vi
902 1970 1050 2031 adhibita:
1082 1971 1136 2031 sed
1153 1973 1237 2031 verbi
1257 1974 1354 2050 impe-⁴

266 2075 365 2136 trandi
386 2074 461 2134 haec
477 2074 524 2133 ris
543 2078 597 2151 est,
618 2077 651 2132 ut
672 2071 709 2132 de
727 2073 845 2133 volente
856 2072 981 2151 dicatur,
1002 2092 1062 2133 non
1080 2074 1117 2134 de
1128 2075 1249 2134 invito.’'
1261 2077 1297 2134 R.
1309 2105 1352 2120 υ-

266 2179 399 2238 Primum
412 2177 468 2238 hoc
481 2195 583 2237 verum
600 2193 660 2235 non
675 2180 734 2252 est3
755 2193 824 2234 nam
842 2176 899 2235 etsi
916 2193 988 2235 usus
1006 2177 1109 2254 voluit,
1130 2182 1163 2236 ut
1184 2177 1221 2237 de
1232 2179 1350 2238 volente

268 2284 388 2359 saepius
415 2282 570 2358 diceretur,
597 2296 657 2338 non
688 2295 755 2336 raro
783 2279 874 2337 etiam
903 2279 940 2336 de
958 2280 1051 2338 invito
1072 2278 1206 2338 adhiberi
1223 2283 1350 2339 constat.

269 2387 375 2446 Livius
396 2388 437 2464 ΙΙ,
458 2388 506 2462 46,
529 2387 562 2443 6:
586 2383 749 2457 „Verbisne
770 2384 846 2461 istis,
867 2388 900 2443 ut
921 2389 1062 2463 pugnent,
1084 2389 1114 2444 te
1125 2385 1350 2462 impetraturum

265 2490 386 2552 credis?
417 2489 468 2548 Dii
489 2488 697 2565 impetrabunt,
719 2505 772 2564 per
790 2505 864 2563 quos
884 2487 1053 2567 iuravere3'’
1075 2488 1249 2551 decedente
1267 2507 1349 2550 exer

267 2596 337 2674 citu,
369 2595 420 2672 qui
452 2593 490 2653 ad
517 2610 647 2668 pugnam
676 2591 818 2666 rependes
846 2595 900 2652 est.
942 2592 1004 2651 (tic.
1037 2593 1130 2652 Acad.
1164 2595 1204 2673 11,
1227 2598 1274 2673 30,
1296 2597 1349 2653 97:

270 2717 378 2776 „quum
393 2700 431 2758 ab
448 2697 577 2774 Epicuro
591 2714 651 2755 non
668 2697 835 2774 impetrent,
856 2701 890 2755 ut
907 2713 1010 2756 verum
1028 2714 1094 2757 esse
1116 2699 1290 2777 concedat;''
1302 2699 1353 2758 i.e

268 2820 358 2880 quum
376 2801 414 2862 ad
432 2799 650 2862 eoncedendum
667 2799 846 2877 disputando
868 2818 966 2877 copore
985 2803 1186 2879 nonpossint.
1228 2803 1353 2880 Propria

268 2909 348 2968 enim
367 2906 456 2967 huius
473 2906 566 2984 verbi,
587 2906 666 2983 quod
682 2909 762 2966 recte
785 2905 871 2967 docet
886 2906 931 2985 Β.,
952 2906 1130 2981 significatio
1148 2911 1193 2966 est
1203 2909 1354 2986 perficere,

268 3017 303 3073 ιιι
332 3012 459 3087 legimus
491 3009 571 3087 apud
591 3010 690 3070 Plani.
709 3010 801 3069 Poen.
824 3010 860 3085 V,
882 3011 910 3086 2,
934 3011 985 3066 14:
1010 3009 1162 3086 „Incipere
1183 3010 1275 3068 multo
1297 3016 1354 3091 est,

269 3134 358 3194 quam
374 3115 531 3191 impetrare
546 3111 692 3171 facilius.’'
733 3111 811 3168 Hine
824 3108 927 3167 addita
943 3110 1118 3186 praesertim
1135 3112 1355 3188 praepositione

270 3217 307 3277 eb
333 3222 418 3277 notat
435 3215 559 3292 efficere,
580 3210 713 3289 consequi
733 3211 797 3269 sive
813 3210 919 3288 gratia,
941 3211 1005 3270 sive
1023 3228 1121 3291 opera,
1143 3213 1207 3272 sire
1224 3213 1355 3291 deniqne

269 3319 409 3393 cogendo.
451 3315 576 3393 Deinde,
597 3319 631 3373 ut
652 3314 691 3373 ad
711 3313 764 3371 illa
782 3317 972 3389 revertamur,
994 3313 1072 3392 vide,
1093 3319 1276 3391 quantopere
1287 3332 1354 3375 sen-

269 3425 394 3486 tentiam
423 3424 622 3496 contorqueat,
653 3423 686 3478 ut
711 3417 811 3477 rhetor
836 3418 957 3491 iungere
982 3418 1120 3478 videatur
1145 3419 1300 3495 impetrare
1324 3426 1355 3479 et

269 3529 336 3609 cim,
367 3545 425 3605 quo
453 3526 481 3586 ei
509 3524 637 3584 obiicere
663 3523 767 3600 possit,
797 3521 875 3598 quod
892 3523 1039 3582 contraria
1059 3525 1253 3584 coniunxerit.
1294 3524 1355 3585 Sed

270 3634 338 3712 quis
369 3648 428 3691 non
456 3628 539 3689 videt
570 3626 662 3686 verba
695 3623 807 3683 etiamsi
828 3642 885 3682 otoo
898 3624 997 3703 possit,
1019 3625 1228 3687 disiunctivam
1248 3627 1356 3706 potius,

270 3754 360 3816 quam
391 3735 589 3812 copulativam
618 3729 863 3805 significationem
893 3728 1012 3807 habere,
1028 3730 1071 3789 ita
1091 3735 1125 3790 nt
1141 3732 1194 3790 illa
1212 3732 1357 3791 voeabula

271 3835 485 3915 quodammodo
510 3833 567 3893 sibi
599 3835 792 3910 opponantur,
820 3830 876 3890 hoc
896 3831 994 3890 modo:
1021 3850 1118 3892 nonne
1136 3833 1310 3910 postulando
1337 3853 1357 3893 a

271 3947 303 4003 te
331 3941 489 4017 impetrare
510 3936 626 4013 debeat,
659 3936 776 3995 etiamsi
803 3952 857 4011 per
884 3936 945 3995 vim
974 3955 1072 4013 copem
1103 3955 1162 3997 non
1181 3939 1299 4016 possit?
1320 3940 1357 3997 In

273 4051 402 4107 mentem
419 4043 492 4103 mihi
513 4043 595 4100 venit
612 4038 695 4099 haud
710 4038 865 4099 dissimilis
883 4039 965 4100 loeus
986 4043 1103 4102 Horatii
1121 4043 1210 4103 Satin.
1231 4045 1255 4123 1,
1277 4045 1304 4121 3,
1322 4046 1356 4101 4:

274 4154 412 4232 „Cassan
433 4152 485 4229 qui
503 4164 601 4226 copem
621 4148 731 4223 posset,
752 4143 786 4203 Si
801 4151 910 4222 peteret
929 4150 1153 4224 peramisitiam
1164 4150 1358 4227 patrisatque

271 4276 365 4335 suam,
387 4273 446 4316 non
466 4252 632 4329 Quicquam
649 4247 831 4329 proficeret.''
