3086 5192
756 456 794 514 15

232 637 337 697 parum
367 619 505 680 convenit
535 623 597 678 tam
618 618 798 680 confidenter
818 617 942 677 subinde
963 618 1000 678 de
1022 618 1147 680 rhetoris
1164 616 1312 679 latinitate

232 723 384 801 iudicanti,
404 724 482 784 male
499 722 592 783 latine
616 722 795 798 loquentem.

270 951 357 1010 qaam
387 931 545 1010 qnisquam.
576 930 661 991 Haee
680 947 747 1010 non,
769 933 803 990 ut
823 930 860 991 R.
880 929 1006 1008 videtur,
1027 947 1161 1007 pugnare
1181 947 1247 992 oum
1264 931 1312 1009 iis,

230 1057 307 1116 quae
337 1038 475 1099 dicuntur
505 1036 526 1113 ξ
549 1038 597 1113 30,
617 1040 698 1096 reete
714 1035 896 1096 demonstrat
916 1035 951 1094 B.
972 1033 1053 1109 Ergo
1073 1053 1133 1096 non
1152 1035 1230 1095 vidit
1250 1035 1311 1113 ille,

230 1161 319 1219 quum
339 1139 499 1219 praesudat
519 1156 615 1197 omnes
637 1136 710 1217 boni,
730 1137 780 1197 hie
800 1137 939 1214 intelligi,
962 1137 1112 1215 qnisquam
1134 1136 1250 1196 bonas?

271 1350 343 1411 Tam
363 1349 483 1427 darique
502 1346 683 1426 interficiere,
704 1363 791 1423 quom
811 1345 872 1404 iam
891 1362 973 1404 nemo
994 1349 1050 1405 oet.
1091 1345 1170 1405 Huic
1190 1345 1254 1406 loeo
1271 1344 1309 1406 ir-

227 1453 327 1515 ridens
347 1453 384 1511 R.
405 1468 465 1511 non
485 1448 621 1526 attendit,
642 1448 696 1506 illa
716 1465 775 1506 non
792 1447 829 1508 de
848 1448 936 1507 sociis
957 1447 1168 1507 coniurationis
1179 1447 1247 1527 diei,
1258 1448 1310 1524 qui

228 1560 259 1616 et
285 1556 344 1632 ipsi
371 1559 456 1614 erant
483 1551 635 1630 puniendi,
656 1566 836 1627 quorumque
858 1549 902 1609 ita
922 1548 979 1608 hae
996 1550 1028 1610 in
1048 1567 1080 1611 re
1100 1549 1177 1612 nihil
1195 1552 1310 1612 valeret

226 1659 386 1736 iudioium3
418 1657 472 1719 sed
502 1657 540 1718 de
568 1655 674 1719 soteris
695 1654 818 1733 nivibus,
840 1671 971 1732 quorum,
991 1659 1026 1715 ιιι
1042 1654 1186 1733 videmus,
1207 1655 1309 1717 multis

225 1782 399 1845 persuasum
418 1763 548 1825 noudum
566 1767 630 1823 orat
647 1760 879 1823 coniurationem
900 1763 1027 1821 exstare.
1069 1760 1133 1820 Hoo
1151 1760 1243 1834 igitur
1263 1760 1307 1823 di-

224 1869 266 1930 oit
285 1871 402 1928 orator:
443 1871 507 1927 tum
527 1865 655 1941 denique
675 1862 860 1941 interficiere,
882 1879 972 1939 quum
992 1863 1036 1923 ita
1057 1867 1163 1940 aperta
1180 1864 1238 1925 erit
1254 1869 1308 1925 tua

223 1973 396 2048 ooniuratio,
423 1975 457 2033 ut
484 1970 545 2030 iam
575 1985 670 2047 nemo,
702 1966 839 2043 quamvis
869 1966 1025 2044 pessimus,
1054 1965 1190 2026 dubitare
1214 1965 1307 2029 desa

224 2080 328 2157 possit.
350 2076 437 2149 Quod
453 2075 619 2135 illustratur
640 2071 730 2133 etiam
750 2070 961 2146 sequentibus:
980 2070 1138 2146 ,quamdiu
1148 2072 1306 2148 quisquam

224 2184 290 2263 erit,
300 2182 352 2260 qui
362 2185 393 2242 ιι
403 2179 560 2241 defendere
570 2176 689 2255 audeat,
700 2174 805 2236 vives''
816 2179 872 2234 eet.
893 2175 973 2234 Nam
983 2175 1010 2236 si
1020 2176 1139 2251 quando
1148 2175 1306 2239 Catilinaa

225 2289 331 2347 senatu
350 2283 446 2344 hostIs
466 2281 582 2359 patriae
593 2283 674 2340 esset
690 2278 866 2356 deelaratus,
887 2294 926 2337 ne
943 2276 1176 2355 improbissimus
1186 2279 1305 2356 quidem

223 2386 381 2447 defendere
402 2402 470 2446 eum
489 2383 621 2460 auderet,
641 2398 680 2441 ne
697 2386 728 2440 et
745 2382 810 2457 ipse
831 2398 884 2457 pro
896 2381 975 2441 sosio
986 2379 1153 2443 haberetur.
1194 2380 1303 2456 Quem·

222 2490 380 2551 admodum
399 2506 495 2564 neque
516 2488 547 2546 in
567 2486 623 2545 hoe
643 2489 765 2545 senatus
786 2489 933 2546 conventu
954 2502 1130 2562 quemquam
1147 2504 1186 2547 ex
1199 2488 1303 2551 amieis

223 2598 254 2655 et
274 2593 426 2656 sodalibus
436 2590 584 2653 catilinae
604 2588 695 2651 verbo
706 2587 926 2650 eumediuvaro
937 2606 1043 2651 ausum
1053 2589 1302 2654 lirissovidemus.

262 2801 283 2877 ξ
305 2802 333 2858 6.
353 2797 510 2874 proeaees
525 2797 661 2856 obsessas.
685 2800 744 2871 ,Ut
762 2800 890 2878 saepius,
910 2799 941 2859 h.
962 2800 983 2858 l.
998 2818 1116 2878 quoque
1126 2802 1226 2863 rhetor
1235 2801 1300 2865 dor·

219 2902 356 2964 mitavit:
378 2899 492 2959 nescire
512 2897 630 2958 videtur
650 2898 720 2975 qaid
740 2901 800 2959 sint
817 2901 977 2979 praesidio,
998 2903 1076 2978 quod
1102 2904 1205 2965 vocab.
1225 2882 1313 2966 som-v

218 3023 272 3083 per
298 3004 342 3064 ita
371 3000 499 3079 ponitur,
529 3005 563 3061 ιιι
580 3016 631 3061 ιιι
651 2998 771 3077 indicet,
792 3000 843 3077 qui
859 3001 916 3060 hoo
933 3009 1031 3080 want,
1050 3008 1085 3063 ut
1104 3006 1233 3081 aliquem
1250 3006 1300 3066 de-

218 3108 349 3185 fendant,
382 3104 564 3167 custodiant:
606 3120 693 3165 nemo
724 3121 856 3181 unquam
880 3106 1054 3183 opprimitur
1073 3109 1123 3167 vel
1150 3109 1301 3172 obsidetur

217 3209 384 3288 praesidiis,
415 3225 454 3268 ne
482 3224 663 3267 commovere
693 3223 725 3266 se
746 3208 842 3284 possit
860 3213 962 3269 eontra
983 3210 1121 3291 aliquem,
1147 3210 1204 3274 hoo
1219 3214 1300 3276 enim

218 3313 368 3391 praesidia
388 3311 502 3372 efficere
515 3329 574 3370 non
594 3315 727 3389 possunt,
748 3313 802 3373 sed
820 3318 854 3373 ιιι
867 3317 969 3373 eontra
989 3314 1114 3376 aliorum
1124 3317 1248 3379 iniurias
1268 3325 1300 3381 ιι

217 3416 278 3477 vim
292 3415 401 3491 aliquis
421 3412 627 3474 defendatur.''
649 3414 686 3473 R.
711 3447 749 3460 -
765 3412 841 3488 Quis
854 3415 929 3475 talia
949 3416 1052 3490 legens
1065 3419 1157 3478 risum
1167 3422 1297 3484 teneat?

216 3517 372 3581 Praesidia
389 3534 479 3594 quum
499 3521 601 3578 eontra
616 3516 741 3577 iniurias
762 3521 792 3579 ιι
812 3517 873 3577 vim
894 3517 1052 3580 defendere
1062 3538 1149 3596 quem
1159 3522 1297 3603 debeant,

215 3621 271 3684 hoe
290 3627 391 3682 tamen
408 3619 523 3682 officere
542 3635 602 3678 non
618 3634 714 3695 posse,
735 3621 769 3677 ιιι
789 3618 824 3694 is,
836 3619 887 3693 qui
897 3618 1005 3679 inferre
1015 3620 1096 3697 velit,
1107 3620 1297 3697 prohibeatur

213 3725 369 3801 quominus
386 3723 448 3782 vim
468 3725 499 3781 ιι
519 3719 643 3778 iniurias
656 3717 756 3778 faeiat.
798 3719 878 3778 Num
893 3719 985 3793 igitur
1004 3724 1035 3780 et
1050 3720 1296 3789 hunedefendere

214 3826 351 3888 debent?
393 3827 488 3884 Immo
515 3821 666 3901 custodiro,
697 3822 776 3898 quod
806 3824 884 3884 mals
904 3828 1005 3885 noster
1014 3824 1191 3893 oonfundere
1212 3829 1294 3895 vide-

213 3937 262 3992 tur
278 3948 345 3991 oum
362 3926 536 4004 defoedare:
556 3929 640 3987 notat
661 3926 740 3987 enim
760 3926 839 3989 idem
859 3926 929 4005 fere,
951 3929 1029 4004 qnod
1050 3929 1186 3992 obsidere.
1213 3934 1295 4010 Ergo

212 4033 370 4113 praesidiis
408 4029 580 4107 opprimitnr
605 4030 655 4089 vel
678 4027 823 4088 obsidetur
849 4030 909 4108 ille,
940 4031 991 4107 qui
1022 4031 1146 4093 iniurias
1182 4037 1295 4110 cogitat

210 4144 300 4215 atque
328 4138 371 4200 ita
397 4134 578 4213 prohibetur,
605 4151 644 4194 ne
660 4150 842 4195 summovere
859 4151 892 4195 so
909 4140 1011 4197 nonna
1028 4153 1096 4199 eum
1116 4139 1220 4218 possit,
1240 4144 1293 4219 qui

209 4244 247 4304 iis
267 4239 444 4303 defenditur.
459 4238 513 4301 eff.
530 4241 648 4316 praetor
665 4238 760 4297 loeum
772 4255 791 4297 a
804 4238 908 4301 Bootio
924 4239 1057 4320 allatum,
1076 4239 1189 4306 Caesar
1207 4243 1242 4309 B.
1252 4244 1291 4309 (i.

209 4348 233 4422 l,
253 4348 309 4405 10:
354 4344 415 4418 ,Eo
433 4360 521 4420 opere
543 4341 629 4420 faeto,
649 4340 800 4417 praesidio
817 4342 955 4421 disponit,
976 4345 1099 4407 castella
1123 4349 1291 4426 communit,
