3086 5192
755 452 792 509 41

234 605 294 665 iam
314 605 381 684 ipsa
400 625 432 667 re
452 608 576 685 probare
598 610 732 669 oonabar:
758 627 854 687 neque
872 610 1090 669 ideireotamen
1111 614 1198 686 putes
1219 626 1265 667 me
1280 595 1312 666 in

233 709 377 784 Madvigii
392 711 633 788 interpretatione
646 713 736 790 plane
754 712 1008 791 acquiescerem
1019 711 1162 770 nonsatis
1183 709 1312 768 dilucide

233 831 309 890 quae
338 817 469 894 sentiret,
492 817 688 893 explicavisse
706 818 834 877 videtur.
875 817 965 875 Talia
993 818 1071 877 enim
1092 815 1239 875 Catilinae
1257 812 1313 873 sub

231 934 358 994 persona
368 919 484 995 patriae
495 920 622 979 obiieere
639 925 785 980 oratorem
802 920 937 978 videmus
949 919 969 996 ἓ
983 921 1035 978 18:
1060 918 1148 992 ,Tibi
1165 916 1217 975 uni
1237 915 1311 974 mul-

231 1025 328 1081 tarum
355 1023 464 1082 aivium
484 1042 580 1101 neces,
602 1025 657 1083 tibi
675 1025 795 1084 vexatio
816 1023 1022 1100 —impunita
1049 1022 1105 1080 fuit
1136 1038 1171 1080 ao
1188 1018 1312 1079 libera''.

236 1123 321 1198 Quae
349 1146 387 1187 ne
407 1129 496 1187 nimis
524 1133 611 1188 aueta
626 1129 673 1188 aui
691 1129 816 1188 saltasse
837 1128 1003 1206 videantur,
1025 1126 1160 1186 Sallustii
1181 1125 1312 1185 testima-

232 1227 313 1288 nium
331 1231 483 1311 addamus,
505 1232 556 1309 qui
573 1251 598 1292 a.
622 1235 669 1291 16.
690 1233 722 1290 in
740 1233 808 1291 aliis
828 1231 903 1292 haee
920 1232 1006 1291 dicit:
1030 1232 1122 1305 „Post
1139 1230 1191 1289 ubi
1212 1245 1312 1289 eorum

232 1334 340 1394 famam
371 1341 461 1411 atque
492 1336 633 1413 pudorem
662 1339 824 1410 attriverat,
855 1338 967 1396 maiora
999 1336 1059 1395 alia
1087 1335 1264 1412 imperabat:
1286 1333 1312 1391 si

233 1456 323 1499 eausa
339 1440 482 1516 peeoaudi
500 1441 531 1499 in
551 1459 693 1518 praesens
710 1442 808 1501 minus
829 1441 1014 1520 suppetebat,
1046 1439 1236 1498 nihilominus
1268 1438 1312 1496 in-

233 1544 342 1618 sontes,
374 1542 461 1601 siouti
489 1547 596 1623 santes,
633 1544 852 1621 eireumvenire,
880 1544 1022 1617 iugulare.
1065 1541 1185 1601 Soilieet
1201 1558 1239 1599 ne
1260 1558 1313 1618 per

233 1643 325 1702 otium
352 1648 551 1721 torpescerent
578 1663 683 1705 manus
711 1651 763 1706 aut
791 1648 916 1725 animus,
947 1646 1077 1721 gratuito
1101 1645 1200 1722 potius
1217 1644 1313 1702 malus

233 1751 322 1823 atque
339 1746 466 1807 erudelis
487 1749 578 1809 erat.''
619 1751 730 1809 Multas
751 1751 843 1824 igitur
863 1750 901 1808 ab
922 1766 957 1809 eo
975 1749 1146 1808 commissas
1164 1764 1229 1806 esse
1248 1764 1312 1806 eae·

232 1853 285 1912 des
300 1856 428 1912 constat:
449 1853 549 1930 plures
571 1853 661 1914 etiam
681 1854 774 1914 fuisse
792 1858 931 1937 tentatas,
953 1853 1006 1914 sed
1027 1854 1076 1913 vel
1094 1850 1313 1928 oasuqnadam,

232 1954 281 2014 vel
298 1955 430 2014 eavendo
444 1960 474 2014 et
494 1955 646 2028 vigilando
663 1957 828 2033 prohibitas
849 1974 924 2034 esse,
945 1962 976 2016 et
992 1956 1059 2034 ipsa
1075 1973 1107 2015 re
1128 1954 1313 2031 intelligitur,

231 2060 263 2115 et
279 2056 391 2133 passim
405 2056 444 2115 ab
462 2061 576 2116 oratore
594 2062 779 2136 memoratur,
800 2064 833 2118 ut
851 2059 871 2135 ξ
896 2063 947 2117 11:
968 2060 1079 2133 Magna
1100 2057 1166 2117 Diis
1175 2055 1314 2117 habenda

233 2162 280 2217 est
310 2160 416 2236 gratia,
444 2159 522 2235 quod
553 2159 629 2220 hana
650 2165 824 2238 —pestem
853 2161 934 2220 toties
954 2162 1014 2220 iam
1031 2160 1215 2235 effugimus''.
1241 2158 1312 2219 ibid.

196 2262 201 2271 ’
236 2262 470 2340 ,quotiescunque
487 2281 534 2322 me
555 2264 687 2340 petisti'.
710 2265 730 2341 ξ
755 2267 806 2323 16;
831 2265 956 2342 „peratiae
977 2265 1033 2323 tibi
1050 2265 1110 2323 iam
1132 2267 1247 2322 extorta
1268 2267 1315 2323 eet
1389 2308 1394 2317 .

234 2367 296 2426 siaa
323 2368 383 2427 ista
411 2367 447 2426 de
476 2368 635 2428 manibus?
665 2369 773 2446 quoties
803 2368 914 2429 excidit
939 2387 1009 2429 easu
1038 2369 1139 2446 aliquo
1160 2373 1190 2427 et
1210 2368 1314 2445 elapsa

235 2471 323 2531 est?''
345 2472 414 2530 alia.
437 2474 501 2530 Iam
530 2473 678 2550 prineipes
706 2475 737 2531 in
755 2474 858 2550 primis
875 2474 965 2551 viros,
985 2478 1019 2533 ut
1036 2491 1091 2550 par
1111 2478 1183 2550 erat,
1202 2472 1313 2532 Consu-

233 2576 292 2635 lem
321 2580 411 2661 atque
429 2577 598 2636 consulares
618 2577 682 2636 eius
703 2577 766 2637 siaa
783 2579 913 2656 petebat,
935 2577 971 2637 af.
991 2577 1011 2654 ἓ
1031 2580 1058 2655 2,
1083 2579 1109 2655 7,
1133 2579 1180 2655 11,
1200 2576 1246 2653 15,
1266 2577 1313 2653 16,
1337 2559 1338 2563 ¹

234 2685 290 2740 oet.
332 2680 373 2737 Hi
397 2681 488 2754 igitur
514 2679 607 2740 donea
635 2682 816 2757 parabantur
845 2682 973 2741 insidiae
994 2681 1033 2741 ad
1064 2680 1185 2742 eaodem
1206 2679 1312 2739 eonsti-

234 2783 292 2841 tuti
321 2788 422 2848 eroon
451 2799 526 2858 quas
554 2783 732 2858 simulatque
760 2789 924 2862 evaserant,
947 2784 1092 2843 constituti
1115 2783 1207 2858 faisse
1223 2781 1314 2842 iidem

236 2882 456 2944 erantdieendi.
477 2883 557 2957 Ergo
574 2882 649 2942 nihil
670 2885 843 2944 mutandum
861 2880 926 2945 esse
946 2887 1090 2964 videmus,
1111 2890 1142 2945 et
1158 2890 1237 2945 reete
1255 2903 1315 2944 om-

237 2988 307 3047 nino
335 2988 408 3047 diait
432 2992 542 3048 orator:
576 2988 645 3063 „qui
658 2988 713 3047 tibi
732 3004 870 3064 persaepe
887 2988 926 3046 ad
947 2989 1068 3048 eaedem
1081 2990 1232 3049 constituti
1250 2986 1311 3061 fae-

234 3092 331 3168 raat',
349 3091 400 3167 qui
415 3091 504 3151 toties
518 3092 578 3150 iam
595 3094 663 3149 tuas
681 3089 806 3151 insidias
826 3091 999 3166 effugerunt.

276 3300 297 3377 ξ
321 3301 368 3359 17.
390 3299 504 3358 aeneiae
524 3317 568 3358 ene
588 3299 643 3358 isto
657 3305 742 3376 paeto
762 3306 926 3360 metuerent.
947 3300 1125 3376 Indignatur
1134 3299 1224 3359 Rink.
1235 3300 1314 3375 quod

237 3404 369 3464 titubans
379 3403 479 3464 rhetor
488 3421 542 3480 pro
551 3402 606 3463 isto
613 3409 699 3480 poeto
709 3422 768 3463 non
780 3405 938 3483 scripserit,
959 3404 1034 3482 qaod
1055 3402 1177 3463 Romani
1195 3402 1313 3482 soleant,

236 3512 391 3584 tantopere.
413 3540 453 3549 —
474 3504 554 3579 Quid
582 3511 681 3567 autem
702 3508 797 3566 solent
815 3507 964 3566 Romani?
986 3506 1034 3565 An
1055 3523 1170 3582 semper
1190 3523 1243 3583 pro
1260 3505 1314 3564 isto

234 3617 319 3687 poeto
350 3610 478 3671 seribere
503 3614 671 3685 tantopere?
702 3612 780 3670 Nam
809 3611 860 3685 qui
880 3611 910 3668 h.
931 3610 952 3669 l.
970 3610 1155 3687 potissimum
1177 3609 1251 3668 illud
1271 3609 1313 3669 fa·

236 3731 301 3773 aere
320 3713 443 3790 soleant,
464 3729 523 3770 non
544 3711 688 3785 intelligo.
730 3710 772 3770 At
789 3729 826 3770 ne
847 3711 937 3770 Rink.
949 3711 1203 3791 quidemignorat,
1224 3729 1314 3790 saepe

234 3814 324 3874 etiam
350 3831 369 3871 a
396 3812 539 3872 Romanis
563 3812 651 3871 seribi
679 3831 734 3890 pao
759 3819 852 3892 pacto,
881 3832 920 3891 aa,
946 3813 1008 3893 isto,
1037 3814 1240 3891 aetiopiam:
1262 3816 1315 3876 sed

235 3925 381 3998 quatenus
405 3917 460 3975 isto
481 3922 567 3992 poeto
587 3917 703 3976 differat
724 3936 742 3976 a
764 3923 918 3996 tantopere,
939 3936 994 3979 neo
1014 3918 1153 3980 debuisse
1170 3925 1314 3981 oratorem

234 4024 290 4083 hoe
311 4038 364 4100 pro
386 4021 437 4079 illo
453 4019 589 4098 seribere,
611 4020 746 4094 ignorare
757 4021 884 4099 videtur,
906 4021 995 4096 idque
1007 4039 1074 4081 eum
1088 4022 1207 4082 docebo.
1229 4023 1315 4082 Servi

228 4125 302 4202 mei,
334 4122 407 4181 dioit
431 4124 536 4199 orator,
568 4121 594 4179 si
622 4139 669 4181 me
694 4140 752 4181 nan
779 4128 813 4184 ut
830 4141 965 4183 severum
985 4123 1148 4199 durumque
1166 4123 1315 4183 dominum

235 4232 407 4306 metuerent,
428 4226 481 4286 sed
494 4230 528 4285 ut
546 4225 693 4285 erudelem
704 4245 740 4286 ao
752 4227 894 4287 furiosum
910 4228 1066 4306 hominem,
1087 4228 1167 4288 unde
1183 4245 1237 4305 per
1253 4227 1315 4286 vim

236 4340 265 4394 et
297 4332 421 4392 insidias
444 4332 525 4391 vitae
552 4331 717 4408 perieulum
734 4337 763 4394 et
778 4334 902 4408 quaevis
922 4332 1068 4394 horrenda
1085 4333 1143 4393 sibi
1163 4333 1314 4394 imminere
