3086 5192
778 457 816 513 26

257 616 372 673 tantum
391 618 577 693 cognoverat,
599 612 712 675 indicta
732 631 823 674 causa
837 613 1116 693 comprehendisset.
1137 613 1227 696 (liud,
1249 616 1275 674 si
1297 633 1344 674 ar-

256 717 338 795 mati,
365 735 439 793 quos
464 735 563 779 secum
591 717 750 796 habebant,
782 720 843 778 vim
867 719 898 778 vi
930 719 1074 796 repellere
1091 719 1344 780 constituissent?

256 818 354 892 Quam
381 820 468 881 facile
500 839 602 898 pugna
615 821 684 881 inde
705 826 770 881 oria
791 827 880 901 esset,
900 824 948 882 cui
966 840 1056 899 quum
1074 828 1105 885 ot
1125 824 1178 883 alii
1196 842 1229 884 se
1249 825 1343 883 immi-

256 925 412 1003 scuissent,
443 943 569 1001 magnus
600 925 632 984 in
646 925 718 986 urbe
732 928 876 987 tumultus
896 927 1042 1004 potuisset
1060 929 1223 989 exsistere:
1264 929 1345 1004 quod

256 1033 439 1108 quantopere
456 1032 496 1090 ab
510 1031 575 1090 eius
603 1031 726 1090 oonsilio
743 1031 874 1091 aliensun
895 1037 984 1110 esset,
1006 1050 1045 1092 ox
1065 1037 1129 1093 tota
1146 1033 1279 1094 oratione
1299 1037 1343 1094 at·

255 1148 314 1207 que
325 1150 363 1192 ex
383 1132 520 1194 Sallustii
540 1133 665 1192 historia
686 1133 816 1193 dilucide
834 1138 967 1210 apparet.
1007 1136 1101 1195 Immo
1119 1137 1193 1196 satis
1208 1140 1273 1195 erat
1293 1153 1346 1196 eoa

256 1236 428 1313 excludere,
451 1244 481 1298 et
502 1238 612 1297 frustm
624 1237 743 1314 quidem
761 1239 806 1297 illi
817 1243 932 1300 tantum
946 1239 1062 1300 facinus
1074 1245 1274 1319 susceperant,
1285 1258 1345 1299 non

255 1338 365 1400 frustra
375 1339 485 1400 Consul
499 1341 600 1401 multis
618 1359 654 1400 ac
674 1341 796 1400 summis
817 1342 891 1402 viris
908 1343 983 1403 illud
1000 1344 1199 1423 praedixerat,
1220 1362 1344 1422 quornm

255 1443 456 1502 testimonium
483 1447 598 1504 tantam
621 1461 684 1503 rem
705 1444 784 1503 omni
809 1444 898 1504 dubio
921 1446 1041 1508 exemit.
1086 1445 1172 1506 Tolle
1191 1446 1241 1524 pai
1262 1445 1347 1525 feeit,

256 1563 356 1606 reeero
373 1542 500 1608 ommim
520 1547 713 1608 admiratione
730 1547 837 1624 11191111
855 1554 914 1608 ert:
934 1550 1009 1611 talia
1027 1551 1078 1627 qui
1090 1550 1185 1629 carpit
1206 1550 1346 1625 indignus

257 1654 304 1712 est
324 1651 409 1711 ouius
429 1651 539 1712 iudicio
552 1650 626 1712 fides
641 1650 794 1711 habeatur.

633 1936 870 2001 CAPUT
918 1938 958 2003 V.

728 2140 895 2154 ᾔ

296 2270 318 2348 ξ
343 2273 390 2330 10.
413 2277 463 2329 toa
480 2269 536 2328 tlte
553 2268 700 2330 Molliorem
717 2280 822 2333 cosae.
857 2271 982 2348 „Melius
1004 2275 1083 2331 esset
1104 2278 1154 2328 teo
1174 2270 1346 2332 emitterre''

256 2375 294 2433 R.
326 2406 366 2416 -—
397 2372 495 2446 Quam
523 2374 561 2432 ob
591 2374 682 2434 rem?
716 2377 786 2437 Non
813 2381 897 2438 erant
925 2376 1017 2450 igitur
1047 2372 1194 2433 Catilinae
1216 2373 1345 2433 eastra?

256 2475 299 2536 At
309 2480 407 2536 orator
425 2481 512 2538 vocat
533 2494 600 2535 eum
618 2482 718 2538 tamen
739 2478 760 2557 ξ
783 2479 811 2538 5:
834 2496 930 2538 eoram
961 2478 1164 2556 imperatorem
1185 2481 1345 2536 castrorum

257 2579 411 2657 deceatque
432 2578 567 2647 beatiam
608 2581 743 2640 Mallium
764 2588 864 2643 autem
896 2582 916 2660 ξ
941 2585 968 2642 7:
989 2581 1051 2640 aias
1072 2580 1213 2641 eudociae
1234 2577 1343 2640 catelli—

256 2689 312 2743 tem
330 2690 414 2762 otptee
441 2684 653 2744 administrum.
695 2686 779 2746 Idem
793 2687 866 2747 dicit
884 2686 904 2764 ξ
926 2690 953 2745 1:
975 2691 1026 2745 too
1046 2684 1169 2745 coasilio
1187 2718 1228 2729 -
1248 2682 1343 2744 cervia-

171 2798 182 2811 ¹
254 2786 397 2847 reticerem
418 2794 505 2867 tuom,
525 2789 605 2866 quod
630 2790 702 2850 item
723 2790 852 2868 ineptam
867 2789 1013 2852 Rinkesio
1032 2789 1159 2868 videtur,
1180 2791 1229 2851 cui
1245 2794 1346 2850 tamen

256 2892 416 2971 respondet
435 2892 470 2952 Β.
488 2891 533 2953 Oi.
556 2891 638 2954 Orat.
656 2893 722 2957 011.
739 2895 780 2974 11,
799 2913 864 2972 oap.
886 2897 914 2974 6,
933 2894 1018 2971 §la

264 3103 317 3181 [ἓ
341 3107 388 3164 11.
410 3103 443 3162 m
462 3121 520 3161 areo
542 3102 664 3160 bomine.
687 3098 903 3177 ᾖ1111111111111111
930 3096 1049 3156 videtur
1066 3096 1215 3155 sententia
1235 3096 1345 3156 Mureti

255 3203 441 3264 adnotantist
463 3219 523 3259 aea
546 3201 708 3259 0111111111
724 3200 775 3258 red
787 3198 945 3258 Catilinam
955 3197 1118 3276 siguificare
1124 3198 1224 3275 pem.
1245 3200 1283 3258 R.
1303 3229 1346 3242 -

254 3305 338 3365 Idem
348 3304 453 3364 Bootio
462 3302 589 3381 videtum,
600 3303 683 3362 nulla
701 3302 805 3363 addita
814 3304 939 3365 ratione.
961 3300 1045 3374 Quas
1056 3304 1157 3361 antem
1166 3302 1204 3361 R.
1215 3302 1346 3363 rationes

256 3405 363 3484 reddit,
385 3422 439 3466 eae
450 3404 526 3465 nihil
537 3410 590 3465 aut
599 3406 699 3482 potius
710 3407 889 3466 eontrarium
898 3406 1023 3483 probare
1033 3404 1188 3465 videntur:
1213 3409 1344 3481 „eontra-

254 3511 332 3572 rium
349 3511 488 3572 doeemur
504 3516 568 3572 tum
587 3527 651 3571 voc.
670 3510 794 3591 saepiae
815 3516 878 3572 tum
892 3511 931 3570 iis
943 3528 1021 3588 quae
1038 3510 1140 3588 paullo
1153 3515 1222 3587 post
1242 3511 1344 3585 legun-

255 3622 322 3678 turt
344 3615 562 3696 quotiescumque
581 3615 752 3693 mepetirti''
764 3620 819 3677 eet.
861 3614 946 3676 Haeo
963 3616 1030 3693 ipsa
1048 3614 1127 3675 enim
1144 3615 1236 3675 verba
1256 3616 1345 3675 itera·

255 3726 302 3783 tos
318 3721 466 3783 Catilinae
483 3724 605 3782 conatus
619 3720 754 3782 indicant
764 3722 913 3800 principes
933 3720 1064 3782 civitatis
1077 3720 1166 3798 viros,
1187 3719 1345 3779 Consulem

255 3825 411 3903 inprimis,
422 3823 589 3903 tollendi‚ut
601 3824 806 3885 defensoribus
816 3824 949 3884 orbatam
956 3841 1019 3884 rem
1029 3822 1178 3901 publicam
1183 3821 1345 3882 invaderet.

256 3926 326 3985 Iure
353 3924 445 3998 igitur
472 3923 575 3986 cicero
601 3924 711 3986 addere
733 3927 850 4003 potuit:
873 3943 1070 4003 „quamquam
1091 3924 1228 3985 videbam
1248 3924 1344 4002 pemi-

257 4032 333 4092 ciem
351 4045 448 4090 meam
458 4047 525 4090 omn
536 4048 645 4105 magna
657 4031 829 4091 calamitate
838 4031 883 4092 rei
893 4031 1031 4109 publicae
1052 4047 1119 4091 esse
1132 4028 1347 4106 commotam,

256 4153 334 4214 quae
350 4136 443 4197 verba
462 4136 647 4216 languerent,
669 4138 695 4196 si
723 4137 806 4215 prius
833 4138 926 4198 multo
947 4137 1135 4211 arrogantius
1151 4135 1291 4194 dixisset:
1313 4133 1346 4192 tm

252 4224 287 4299 ¹ae
302 4258 360 4300 arto
377 4257 521 4300 summam
541 4241 585 4300 rei
596 4241 732 4319 publicae
743 4241 871 4302 salutem
888 4239 1059 4319 periclitari.
1081 4236 1141 4299 Sed
1161 4237 1241 4297 male
1254 4236 1344 4296 etiam

256 4359 323 4404 oum
334 4344 372 4406 iis
388 4344 444 4406 hoo
461 4345 639 4422 conveniret,
661 4362 738 4419 quae
755 4344 887 4421 proxime
905 4339 1106 4419 praecedunt:
1131 4340 1258 4414 „Magna
1278 4337 1345 4397 Diis
