3086 5192
746 467 784 526 47

263 641 344 682 otoo
365 643 471 702 quoque
492 624 523 684 ta
544 643 711 701 suspensum
733 626 854 684 tulisses.
879 626 1002 700 ,Orator
1023 626 1134 687 indicat
1155 622 1301 704 Lepidum

222 743 338 801 quoque
356 727 476 806 dixisse,
497 746 530 788 se
547 729 629 787 nullo
645 728 731 788 modo
748 746 835 805 posse
845 733 909 789 tuto
920 729 1004 789 esse''
1027 733 1083 789 oet.
1094 730 1131 788 R.
1152 761 1193 771 -
1213 728 1304 787 Talia

221 833 274 889 aut
294 831 437 890 eiusmodi
458 831 606 891 hominem
629 832 765 910 produnt,
786 832 845 909 qui,
865 836 900 892 ut
915 831 1070 891 Phaedrus
1081 832 1133 908 ait,
1156 847 1304 905 „nonrem

221 933 370 1012 expedire,
391 934 444 993 sed
465 936 575 993 malum
592 934 664 994 dare
686 934 828 1012 expetit'’,
850 938 901 994 aut
925 934 1029 995 rudem
1049 939 1182 995 veterum
1203 934 1302 994 litora·

220 1053 294 1114 rum,
315 1037 366 1111 qui
383 1037 497 1097 neseiat
517 1038 673 1112 cogitando
691 1055 727 1096 ea
748 1038 894 1115 supplere,
915 1055 992 1112 quae
1009 1054 1083 1114 opus
1111 1054 1177 1096 esse
1190 1037 1303 1113 peritus

221 1142 322 1200 statim
339 1143 457 1201 sentiat.
498 1141 583 1214 Quae
604 1142 682 1201 enim
700 1142 737 1201 de
755 1142 870 1219 Lepido
888 1142 1004 1202 dixerat
1024 1146 1130 1219 orator,
1152 1159 1235 1218 aquo
1246 1158 1304 1198 uolt

220 1252 348 1321 reoopstus
377 1244 424 1323 (ut
441 1245 518 1303 infra
538 1245 576 1304 de
596 1245 753 1304 Metellos
773 1262 827 1321 quo
848 1242 1040 1322 sopradiutus),
1061 1260 1158 1302 nonne
1171 1242 1304 1302 indioant

219 1345 296 1406 hune
324 1347 527 1423 respondisse:
556 1345 634 1405 uelle
661 1364 691 1404 se
722 1363 785 1403 uuus
805 1346 958 1421 resipere?
1000 1347 1065 1405 Iam
1086 1346 1165 1405 idem
1182 1350 1303 1420 rogatus

219 1448 321 1510 Gioero
342 1452 434 1510 simili
454 1452 540 1510 modo
566 1467 598 1510 se
615 1467 769 1510 recusasse
787 1450 868 1528 dioit,
889 1452 1080 1511 strationem
1101 1452 1192 1530 addit,
1214 1469 1302 1527 quam

219 1553 308 1612 huius
327 1554 371 1612 rei
390 1555 419 1612 ei
435 1553 623 1632 reddidisset,
643 1554 763 1613 nonita
777 1558 877 1613 umen
894 1557 928 1612 ut
948 1554 1024 1614 haee
1045 1554 1136 1615 etiam
1156 1555 1196 1613 ad
1212 1554 1301 1632 Lepi-

219 1657 289 1715 dum
320 1658 360 1716 sit
386 1658 550 1719 reserenda.
591 1656 689 1731 Quum
714 1675 733 1716 a
753 1675 800 1717 me
828 1675 945 1733 quoque
963 1658 1071 1737 (aeque
1094 1664 1183 1735 atquo
1204 1678 1223 1719 a
1244 1660 1301 1721 Le·

218 1758 300 1838 pido)
321 1761 470 1839 repulsam
487 1761 608 1821 tulisses
631 1760 679 1820 his
699 1760 817 1820 verbis:
838 1777 886 1819 me
906 1761 988 1820 nullo
1010 1761 1095 1820 modo
1112 1778 1199 1838 posse
1217 1767 1273 1822 eot.

257 1969 361 2029 lisdem
384 1970 546 2047 parietibus
574 1976 632 2029 luto
654 1988 714 2029 usse
735 1975 833 2029 tuum.
857 1969 947 2043 „Tuto
968 1988 1028 2029 esso
1045 1970 1206 2047 parietibus
1226 1970 1302 2031 nihil

218 2072 366 2149 signifieat
386 2078 417 2134 et
437 2074 577 2136 Latinum
598 2091 657 2133 non
677 2073 752 2133 est.''
773 2074 810 2132 R.
831 2105 871 2115 -—
890 2073 994 2152 Credo,
1015 2074 1042 2133 si
1063 2075 1106 2134 sio
1123 2074 1302 2154 iungas,ubi

218 2177 368 2252 iungenda
386 2181 455 2237 sunt
475 2176 577 2236 llsduo
594 2175 755 2252 parielibus
776 2193 844 2253 esso,
866 2175 973 2250 quibus
993 2177 1108 2238 aooedit
1128 2176 1300 2238 adverbium

218 2289 286 2343 luto.
327 2285 392 2343 Iam
420 2301 497 2358 qnae
528 2283 604 2342 ratio
625 2282 664 2342 sit
684 2280 788 2340 horum
809 2280 1005 2340 ablativorum
1027 2282 1227 2357 quaerendum
1244 2287 1299 2345 est.

215 2388 285 2446 Non
301 2386 378 2446 facio
399 2387 518 2462 quidem
535 2404 602 2446 oum
618 2386 723 2445 Bootio
742 2402 878 2462 praepos.
899 2384 931 2442 iu
941 2390 1009 2462 post
1030 2385 1132 2445 lisdem
1141 2388 1299 2465 inserente,

216 2507 306 2568 quum
323 2508 382 2550 non
403 2491 520 2550 videam
538 2489 610 2565 quid
628 2487 794 2563 significare
815 2489 909 2565 possit
920 2487 1130 2565 loportetilus.
1151 2489 1301 2565 Sedquod

215 2596 280 2656 fieri
298 2596 433 2655 videmus
453 2596 485 2655 in
495 2594 647 2654 vocabulis
660 2593 778 2653 loouset
789 2599 906 2671 tompus,
927 2594 1002 2652 utin
1013 2594 1144 2653 ablativo
1153 2599 1301 2672 ponantur

216 2700 281 2760 sine
305 2700 532 2776 praepositione,
557 2699 583 2757 si
612 2697 739 2757 addatur
769 2696 957 2776 adieetivum,
988 2698 1037 2757 vel
1054 2715 1223 2777 pronomen,
1243 2698 1300 2759 hoo

214 2803 248 2862 in
267 2803 402 2880 pluribus
418 2801 616 2862 looumhabet
627 2800 728 2860 addito
739 2802 910 2878 pronomine
921 2801 1015 2860 illesa:
1036 2804 1175 2878 usquein
1186 2804 1224 2863 iis
1234 2807 1299 2863 tan-

214 2912 286 2985 tum,
308 2924 385 2983 quae
409 2905 448 2964 ad
476 2908 604 2964 mentem
620 2906 778 2980 pertinent,
799 2909 833 2963 ut
852 2905 949 2963 eudem
978 2905 1127 2983 sententio,
1159 2906 1299 2984 melone,

214 3010 318 3071 iisdem
348 3009 452 3069 stodiis
484 3026 559 3086 esse,
591 3008 675 3087 aliis,
708 3006 875 3067 sedetiam
893 3009 925 3066 in
941 3008 1030 3067 robus
1048 3011 1204 3087 corporeis,
1225 3028 1254 3068 v.
1273 3028 1298 3070 o.

215 3116 311 3176 eodum
336 3113 446 3191 uestitu,
475 3111 584 3189 leolitu,
613 3116 725 3188 oruotu,
753 3109 856 3169 iisdem
883 3111 974 3169 usmis
1001 3127 1067 3171 esso
1098 3117 1154 3173 oet
1202 3112 1300 3173 Simili

214 3224 313 3279 autem
333 3220 446 3279 ratione
468 3224 498 3277 et
525 3216 555 3275 h.
576 3217 596 3274 l.
618 3215 677 3276 diei
699 3217 852 3294 existimo,
877 3216 1001 3289 ,iisdem
1013 3218 1178 3294 parietibus
1192 3219 1297 3297 esse‚'’

214 3324 301 3398 quasi
326 3322 437 3380 eosdem
458 3319 584 3397 periotes
610 3317 734 3396 lsulere,
755 3318 858 3377 iisdem
875 3318 1037 3394 parielibus
1053 3320 1106 3399 ati,
1126 3322 1176 3380 vel
1197 3322 1297 3401 otiam,

214 3427 284 3501 qnia
315 3426 363 3485 his
395 3424 442 3504 (ut
461 3423 536 3483 bene
558 3421 727 3481 observavit
746 3419 797 3499 R.)
819 3422 955 3499 opposite
975 3427 1045 3483 sunt
1077 3423 1174 3501 ,quod
1191 3423 1297 3487 iisdem

212 3529 366 3590 moenibus
387 3524 630 3603 eontineremnr’',
651 3523 754 3583 iisdem
770 3523 932 3600 parietibus
958 3524 1106 3585 contiueat.

252 3732 429 3808 demiprusti.
484 3728 695 3804 „Demigrandi
722 3728 843 3787 verbum
875 3735 1035 3807 usurpatur
1061 3731 1099 3791 de
1119 3733 1166 3812 iis,
1187 3735 1238 3811 qui
1261 3754 1297 3797 eu

212 3835 302 3913 doato,
323 3837 371 3895 vel
388 3852 427 3894 ex
447 3851 483 3893 eo
502 3833 568 3893 loeo
583 3831 635 3891 ubi
655 3830 794 3892 habitant
810 3832 841 3890 in
862 3833 953 3891 alium
974 3838 1130 3896 transeunt
1144 3855 1208 3897 uam
1218 3842 1296 3901 omui

212 3935 393 4017 supellectili,
424 3936 503 4013 quod
529 3936 561 3994 in
590 3934 669 3994 hune
684 3934 780 3994 looum
804 3952 862 3994 non
880 3935 989 3995 eadit.''
1031 3938 1068 3997 R.
1088 3972 1129 3982 -
1148 3941 1214 4002 Hoo
1229 3962 1295 4005 ver-

211 4042 280 4102 bum
301 4058 354 4119 por
374 4058 407 4100 so
427 4038 503 4098 nihil
523 4038 604 4096 aliud
625 4037 801 4115 significare,
822 4053 910 4113 quam
932 4038 1109 4099 domicilium
1129 4042 1294 4105 ullotruus·

210 4147 299 4226 ferro,
320 4147 403 4205 nulla
424 4144 564 4203 adiuncta
581 4142 775 4220 supellectilis
795 4143 923 4220 notione,
944 4147 1023 4203 reoto
1042 4144 1141 4205 doouit
1157 4146 1192 4204 Β.
1214 4145 1295 4219 Quid

209 4250 332 4311 autom?
354 4249 406 4326 qui
427 4267 463 4307 eu
484 4247 540 4306 leus
560 4246 619 4305 otto
637 4244 800 4322 demipruat
820 4245 894 4324 (die.
916 4247 1038 4306 Tuscul.
1059 4247 1083 4325 I,
1105 4250 1154 4326 30,
1176 4251 1223 4309 74.
1241 4268 1294 4327 pro

211 4358 312 4419 Rabir.
346 4359 392 4435 10,
415 4358 463 4417 30.
485 4354 593 4419 Parad.
615 4355 643 4432 2,
666 4354 713 4413 13.
736 4349 831 4431 alibi),
851 4352 979 4416 etiamne
996 4351 1042 4415 illi
1060 4359 1210 4415 transeunt
1230 4372 1294 4416 euos
