3086 5192
745 486 784 540 21

229 644 263 703 B.
279 642 316 703 G.
339 644 407 721 VII,
420 645 478 702 34:
502 641 655 717 ,oblivisci
673 639 930 700 controversiarum
948 657 982 699 ac
1004 637 1241 698 dissensionom.''
1264 635 1313 697 Sic

231 745 553 819 „assuescentem”
585 746 658 806 dicit
688 744 749 806 cio.
774 764 818 822 pr.
846 745 934 804 Rosc.
966 743 1032 802 Am.
1062 746 1109 821 31,
1132 745 1180 821 87,
1201 760 1254 819 pro
1282 747 1315 799 ut

230 848 365 928 emittam,
394 850 463 910 alia:
495 850 532 909 cf.
561 850 651 910 etiam
669 848 800 907 Bootius.
840 847 951 927 Contra
965 845 1126 905 meminisse
1144 862 1234 921 saepe
1255 844 1314 903 dici

228 969 444 1031 promeritorem
465 971 533 1030 csse,
555 968 642 1012 corae
664 951 778 1029 trabere,
799 950 985 1010 notissimum
1006 954 1061 1009 est.
1103 949 1214 1008 Parum
1224 948 1316 1022 igitur

228 1053 304 1113 haec
314 1054 431 1113 differre
449 1054 583 1114 videmus
594 1054 632 1113 ab
649 1054 696 1132 iis,
717 1070 794 1129 quae
814 1051 1004 1130 praeoedrmt:
1027 1052 1129 1126 ,ursa
1145 1052 1206 1110 iam
1227 1052 1314 1110 istam

229 1156 386 1236 mentem,''
415 1154 492 1234 quae
510 1157 674 1235 corrigendi
698 1156 817 1235 quidem
846 1155 1092 1231 significationem
1117 1156 1229 1215 nullam
1261 1155 1313 1214 ha-

230 1260 300 1320 bere
326 1260 465 1320 docemur
493 1261 513 1338 ἕ
546 1263 604 1339 223
634 1261 687 1320 sed
715 1264 838 1320 notant:
870 1259 974 1317 desiste
994 1258 1055 1317 ium
1076 1258 1111 1317 dc
1138 1257 1195 1317 ilic
1225 1264 1318 1316 rnerde

231 1363 305 1442 (dic.
327 1363 435 1422 Famil.
464 1364 501 1442 V,
525 1366 552 1442 2,
584 1362 626 1442 8,)
645 1364 694 1424 vel
712 1362 747 1422 de
767 1363 825 1421 isto
844 1362 984 1421 scatentia
1005 1361 1109 1440 (Tusc.
1127 1362 1167 1438 11,
1191 1363 1238 1439 12,
1261 1358 1313 1435 23)

231 1467 327 1527 eneae
348 1465 500 1526 suerrum
517 1447 618 1525 'caeso
634 1471 694 1526 oet.

273 1652 339 1712 ticet
359 1670 552 1729 recognoscor.
566 1671 619 1727 ,ac
634 1654 661 1713 si
675 1654 807 1714 Catilina
825 1653 908 1712 illam
928 1652 1157 1728 recognitionem
1167 1651 1316 1729 postules·

230 1756 305 1819 set.''
317 1758 353 1816 R.
364 1791 404 1800 -
416 1757 573 1817 Molestum
583 1762 630 1817 est
641 1775 716 1836 eum,
724 1758 775 1835 qui
783 1775 874 1835 supra
884 1757 986 1818 doctos
997 1773 1101 1834 sapere
1112 1772 1145 1815 se
1157 1754 1318 1833 existimet,

229 1860 318 1922 toties
337 1861 449 1939 primas
476 1861 631 1919 verborum
659 1860 794 1920 notiones
825 1842 989 1920 docendum
1009 1877 1085 1919 esse.
1108 1857 1196 1932 Licet,
1219 1863 1253 1918 ut
1274 1875 1317 1932 gr.

230 1967 333 2041 ἔξεστι,
354 1982 413 2023 non
428 1940 600 2023 concedendi
620 1968 736 2024 tantum
757 1963 848 2023 habet
879 1961 1133 2039 significationem,
1152 1961 1205 2020 sed
1227 1977 1316 2038 saepe

229 2069 342 2128 indicat
372 2068 450 2146 quod
482 2067 545 2127 fieri
568 2073 668 2145 potest,
700 2074 734 2126 ut
761 2072 892 2127 nostriun
917 2085 1017 2142 inopen
1049 2084 1108 2125 nou
1134 2084 1201 2125 raro
1232 2066 1314 2125 valet

231 2170 355 2250 tanuen,
373 2177 490 2230 moetos.
512 2172 580 2231 Non
601 2188 676 2248 opus
697 2172 753 2231 erit
774 2171 910 2248 exempla
924 2169 1064 2247 conferre,
1085 2169 1318 2245 quotiesOieero

229 2276 329 2336 etalii
358 2275 467 2334 dicant:
501 2273 566 2333 licet
585 2273 696 2352 videre,
716 2273 892 2351 intelligere,
914 2272 1021 2350 dicere,
1039 2288 1224 2349 cognoscere,
1245 2272 1315 2350 alia,

231 2378 282 2437 ubi
309 2377 384 2437 nihil
409 2377 529 2455 quidem
552 2378 716 2455 postulanti
739 2377 917 2455 conceditur,
938 2376 992 2436 sed
1018 2380 1151 2454 potestas
1169 2376 1316 2437 indicatur

229 2478 355 2558 uidendi,
366 2478 557 2559 intelligendi,
576 2485 632 2541 cet.
654 2479 756 2539 Etiam
773 2478 951 2540 adhortandi
968 2480 1029 2538 vim
1049 2477 1315 2557 haberevidemus,

192 2656 194 2660 ¹
229 2584 291 2645 dic.
323 2583 361 2643 de
391 2584 452 2643 Div
475 2585 500 2662 Ι,
533 2587 631 2662 7,13:
656 2582 781 2658 ,Mirari
799 2583 873 2662 ticet,
892 2601 969 2661 quae
990 2584 1051 2644 sint
1071 2583 1315 2643 animadversae

229 2688 353 2748 medicis
369 2687 528 2748 herbarum
547 2688 687 2768 genera'',
719 2690 739 2748 i.
759 2706 785 2748 e.
806 2687 974 2748 mirandum
987 2694 1037 2747 est.
1058 2688 1139 2762 Ergo
1155 2689 1185 2748 h.
1208 2689 1228 2747 l.
1249 2687 1315 2746 licet

230 2808 415 2867 recognosces
436 2796 490 2869 est,
511 2797 596 2869 potes
613 2811 728 2853 mecum
748 2811 967 2870 recognoscere,
989 2798 1042 2854 aut
1050 2793 1129 2853 idem
1139 2793 1218 2869 quod
1228 2793 1317 2854 initio

191 2942 194 2947 <
228 2914 254 2957 o.
268 2897 324 2956 IV:
346 2896 553 2972 „Recognosce
570 2896 690 2957 tandem
700 2898 844 2957 mecum.’'

271 3058 292 3136 ξ
316 3061 342 3117 7.
364 3056 429 3133 fore
457 3057 489 3116 iro
517 3056 617 3117 omnis.
646 3059 711 3118 Hoc
742 3056 900 3135 improprie
920 3058 1031 3117 dictum
1051 3062 1138 3135 putat
1158 3060 1195 3117 R.
1213 3076 1266 3135 pro
1283 3059 1316 3117 ia

231 3159 335 3219 eastris
365 3157 506 3238 faturum,
527 3159 617 3236 idque
639 3160 714 3220 effici
735 3159 849 3221 scilicet
868 3162 934 3221 vult
955 3161 1002 3238 iis,
1023 3178 1100 3236 quae
1121 3161 1194 3221 dicit
1214 3160 1316 3221 Oicero

229 3281 284 3340 pro
304 3263 372 3337 Lig.
406 3265 433 3340 3,
460 3266 508 3322 19:
529 3264 577 3337 ,in
598 3264 704 3324 iisdem
724 3264 814 3323 armis
832 3263 928 3324 esse.”
970 3262 1088 3324 Suadeo
1110 3266 1155 3325 illi
1172 3270 1206 3325 ut
1223 3265 1315 3342 inspi-

230 3363 291 3426 ciat
301 3363 423 3424 Sallust.
440 3365 474 3423 B.
493 3364 526 3424 0.
548 3384 564 3425 c
582 3368 630 3443 37,
646 3368 674 3425 6:
698 3365 749 3440 ,Si
767 3367 798 3425 in
810 3366 901 3425 armis
918 3364 1032 3427 forent'
1045 3372 1075 3427 et
1086 3367 1134 3445 51,
1148 3370 1194 3427 19:
1209 3386 1317 3445 ,quum

229 3473 314 3530 tanta
338 3468 489 3546 praesidia
513 3470 574 3529 siut
602 3470 633 3528 in
656 3470 775 3529 armis.’'
817 3469 898 3542 Quid
915 3472 1050 3548 pluribus
1065 3489 1139 3549 opus
1160 3477 1206 3531 est
1230 3474 1262 3531 in
1283 3491 1315 3533 re

228 3578 291 3633 tam
322 3571 451 3650 aperta?
484 3572 519 3631 cf.
549 3572 640 3632 etiam
670 3573 802 3651 Bootius,
831 3589 918 3648 quem
946 3573 1010 3633 iure
1030 3573 1131 3633 taedet
1152 3575 1182 3632 in
1203 3574 1317 3634 talibus

230 3694 388 3736 rmmorarr.

272 3835 458 3896 consiliorum
472 3841 585 3895 tuorum
595 3836 844 3913 reprimendorum
854 3855 951 3898 causo.
962 3839 1054 3899 Plura
1074 3840 1105 3900 iu
1116 3839 1164 3900 his
1181 3841 1314 3901 animad-

229 3938 373 4000 vertenda
390 3937 481 3999 habet
509 3940 546 3997 R.
568 3938 634 3998 Duo
659 3939 758 4018 priora
786 3940 905 4016 egregie
930 3940 1073 4002 refutavit
1104 3942 1315 4003 Bootiusrter-

231 4041 303 4101 tiara
316 4056 319 4061 “
333 4040 430 4101 irrisio
462 4046 508 4102 est
535 4041 568 4100 ia
585 4060 688 4102 novom
707 4042 849 4104 rationem
862 4043 1057 4122 profugiendo
1078 4044 1201 4104 coasilio
1221 4045 1315 4121 repri-

230 4147 336 4207 mendi.
357 4146 426 4205 Non
443 4151 549 4206 tamut
562 4147 637 4207 illud
647 4147 757 4208 tactum
768 4149 954 4227 optimatium
964 4152 1096 4225 excuset,
1117 4148 1196 4225 quod
1207 4148 1314 4207 Bootio

230 4252 520 4330 videtru,quamper
540 4251 664 4311 ironiam
675 4254 782 4331 potius,
800 4258 834 4313 ut
854 4254 913 4313 iam
935 4254 955 4331 ἕ
976 4256 1003 4312 2.
1023 4252 1157 4312 dicebam
1175 4251 1316 4312 adverba

234 4373 284 4415 uos
304 4355 360 4415 oiri
373 4354 471 4432 fortes,
493 4354 568 4416 haec
586 4373 653 4415 eum
674 4356 782 4416 addere
806 4357 902 4434 credo,
921 4361 954 4416 ut
972 4356 1009 4415 iis
1021 4355 1186 4433 exprobret,
1198 4356 1229 4413 in
1240 4371 1316 4415 com·
