3086 5192
770 446 788 504 6

233 602 271 662 eb
297 600 511 679 inpudentiam
540 602 627 683 (tiall.
659 603 695 663 Β.
726 604 760 664 0.
791 621 817 665 e.
850 602 912 682 31).
954 603 1043 664 Hune
1073 602 1165 679 igitur
1186 604 1315 664 maxime

234 706 299 766 eius
326 706 418 767 verba
441 711 556 787 petunt,
589 707 628 767 ad
656 722 723 769 enm
740 712 805 771 tota
820 708 882 771 iere
903 707 998 770 oratlo
1018 723 1161 769 eonversa
1180 713 1236 788 est,
1256 709 1316 769 nisi
1349 696 1353 706 ’

233 810 313 886 quod
336 811 484 873 interdum
512 817 664 874 senatores
690 814 858 894 alloquitur,
887 830 947 876 non
963 818 1106 891 tanquam
1121 813 1244 892 iudiees,
1265 829 1316 873 ve*

232 928 297 973 rum
317 917 352 973 ut
367 914 460 976 testes
476 912 569 977 faeiat
589 930 689 976 eorum
710 932 787 992 qnae
805 916 886 997 dieii,
907 923 997 994 atque
1022 914 1112 979 etiam
1128 916 1265 977 Patriam
1286 920 1318 977 et

232 1016 457 1093 Rempnblioam
483 1019 639 1095 loquentes
666 1017 790 1080 inducit.
831 1018 933 1093 Quare
957 1035 1069 1100 vereor,
1097 1036 1136 1081 ne
1153 1023 1317 1100 ἐπιστροφή

237 1119 336 1198 potina
357 1136 447 1197 quam
465 1123 637 1200 ἀποστροφή
654 1121 694 1181 sit
711 1121 846 1182 dicenda.

275 1325 399 1385 laadan
429 1327 544 1405 ,Hujus
558 1328 722 1406 particulae
738 1326 813 1387 haee
830 1328 877 1386 vis
902 1332 956 1405 est,
976 1328 1059 1388 utin
1078 1327 1209 1402 urgendo
1226 1343 1318 1405 pona·

234 1434 291 1507 tur,
320 1432 340 1489 i.
370 1448 396 1489 e.
421 1446 511 1506 quum
535 1433 595 1492 iam
619 1432 680 1491 alia
701 1430 782 1491 dieta
799 1432 897 1492 aunt.''
939 1430 1029 1491 Rink.
1070 1432 1150 1507 Ergo
1170 1433 1202 1491 iu
1219 1431 1318 1492 medie

235 1533 353 1593 demum
369 1534 518 1594 sententia
535 1534 733 1612 incipiendum
751 1538 797 1595 est
806 1535 936 1610 aliquem
946 1534 1094 1610 urguere?
1115 1534 1200 1595 Idem
1209 1533 1319 1608 Quine-

234 1637 371 1697 tiliannm
388 1638 500 1716 medat,
521 1638 573 1713 qui
592 1637 707 1697 tondeo
723 1638 753 1697 h.
775 1637 795 1696 l.
810 1654 869 1696 non
887 1637 1058 1698 aeiseitandi
1073 1638 1181 1716 gratia,
1202 1637 1256 1698 sed
1273 1637 1318 1696 ia·

237 1741 334 1800 aiendi
341 1743 452 1800 assumi
463 1740 580 1801 dixerit.
592 1742 663 1800 Mox
672 1758 743 1802 vero
753 1741 886 1803 sentiens
898 1759 964 1801 eum
974 1740 1053 1801 huno
1063 1742 1159 1801 loeum
1170 1741 1320 1801 laudando

236 1842 294 1905 eibi
305 1845 465 1923 adversari,
476 1860 577 1905 rursus
589 1842 681 1905 addit:
695 1845 773 1920 „Sed
784 1844 946 1904 taademea
956 1845 1172 1920 significatione
1182 1863 1242 1905 non
1251 1861 1319 1923 pos·

236 1964 270 2010 se
288 1946 423 2009 adhiberi
440 1949 472 2008 in
489 1949 574 2009 initio
591 1949 733 2010 orationis
751 1950 811 2009 iam
830 1949 970 2011 viderunt
986 1950 1122 2011 Donatus
1139 1954 1170 2010 et
1191 1950 1318 2010 Priscia-

236 2051 321 2131 uus,”
329 2053 380 2128 qni
390 2056 490 2112 tamen
500 2052 577 2113 nihil
587 2053 732 2113 eiusmodi
742 2053 875 2114 dieentes
885 2071 952 2114 eum
963 2052 1164 2126 Quinctilisno
1174 2044 1321 2115 eonsenti-

138 2159 141 2167 ’
237 2161 300 2235 unt,
320 2154 380 2215 uisi
399 2155 479 2231 quod
507 2156 622 2216 tradem
651 2156 835 2234 expletivam
852 2156 1087 2217 eoniunetienem
1104 2161 1221 2218 vorent.
1261 2157 1321 2215 Do·

237 2260 327 2319 natus
351 2258 390 2319 ad
411 2259 547 2321 Terentii
564 2260 656 2318 verba
678 2258 810 2338 (Phorm.
832 2260 872 2336 II,
896 2263 922 2337 1,
945 2257 990 2336 1):
1013 2258 1096 2318 itone
1117 2259 1234 2318 aeden
1249 2276 1320 2318 aaa

239 2376 301 2420 rem
321 2361 406 2420 desit
423 2366 479 2422 eet.
497 2362 588 2421 etiam
605 2362 659 2420 illa
676 2361 815 2421 adnotat:
839 2361 924 2435 ,Non
944 2361 1042 2436 potuit
1062 2359 1267 2421 vehementius
1277 2360 1321 2419 in·

240 2464 347 2541 cipere,
368 2478 458 2539 quam
476 2468 511 2524 ut
527 2464 592 2540 ipse
613 2464 724 2523 erimeu
742 2462 821 2538 quod
837 2463 940 2523 obiicit
959 2463 1143 2523 miraretur.''
1172 2463 1322 2540 idipsum

240 2559 295 2645 est,
328 2566 408 2642 qnod
434 2566 467 2625 in
492 2566 549 2625 hoe
573 2566 694 2625 exordio
722 2564 910 2641 admiramur,
937 2581 1034 2640 neque
1063 2565 1179 2643 aptiora
1203 2564 1323 2641 quidem

240 2668 332 2730 verba
348 2669 511 2744 excogitari
524 2673 650 2745 possunt
670 2666 710 2727 ad
728 2667 821 2726 animi
842 2667 1065 2726 commotionem
1083 2667 1214 2726 eonsulia
1225 2665 1323 2744 expri-

240 2773 387 2852 mendam,
407 2774 459 2849 qui
478 2777 635 2850 postquam
645 2771 934 2849 impudentissimum
944 2771 1093 2831 hominem
1102 2776 1221 2848 praeter
1231 2771 1324 2831 omni·

240 2896 291 2939 nm
302 2877 468 2957 opinionem
482 2882 618 2937 senatum
628 2877 788 2937 intrantem
797 2876 883 2953 vidit,
905 2879 1006 2935 eontra
1017 2876 1112 2952 ipsius
1122 2875 1325 2936 eonsiliaeon·

241 2988 387 3062 rosatum,
408 2987 440 3043 et
456 2982 592 3058 quamvis
611 2998 681 3042 reus
701 2983 768 3056 lege
788 2980 910 3040 Plautia
920 2984 1000 3040 esset
1017 2978 1103 3058 (Sall.
1120 2979 1141 3037 l.
1162 2977 1196 3056 l.)
1208 2982 1324 3038 senate·

241 3088 324 3148 ribus
355 3074 549 3164 adsidentem,
576 3084 652 3143 iram
678 3101 764 3142 suam
791 3087 881 3157 atque
895 3080 1129 3157 indignationem
1156 3097 1216 3140 uon
1232 3079 1324 3140 eonti-

243 3208 327 3270 nens,
358 3188 618 3249 vehementissime
642 3187 674 3245 in
700 3203 767 3246 eum
791 3184 949 3264 invehitur,
970 3190 1060 3261 atque
1077 3188 1111 3245 ut
1127 3200 1183 3263 par
1203 3188 1249 3245 est
1265 3184 1325 3263 pri·

243 3310 324 3353 mum
354 3290 510 3351 andaciam
531 3289 813 3366 impudentiamque
841 3288 905 3349 eius
926 3289 1058 3366 miratur,
1080 3288 1132 3364 qui
1149 3306 1240 3363 quum
1257 3306 1325 3366 sup·

242 3395 332 3474 plieio
349 3394 459 3468 dignus
480 3393 528 3470 sit,
550 3392 660 3452 audeat
670 3393 702 3450 in
719 3395 856 3452 senatum
872 3392 982 3470 venire,
1004 3390 1112 3452 deinde
1123 3391 1327 3470 aliaemmina,

243 3506 306 3562 tam
322 3499 440 3578 privata
455 3515 544 3573 qnam
560 3497 688 3575 publiea,
708 3497 738 3556 ei
755 3496 868 3584 obiicit,
887 3500 917 3556 et
933 3495 1144 3556 coniurationis
1153 3496 1327 3574 patriaeque

242 3601 417 3684 proditionis
431 3620 499 3663 enm
516 3601 672 3662 eonvineit.
1262 3626 1264 3630 ,

283 3812 428 3891 potentia
449 3816 557 3871 nostre.
581 3810 782 3885 ,Cuiusnami
804 3814 837 3870 ut
853 3828 893 3870 ex
913 3811 951 3870 iis
973 3825 1050 3886 quae
1059 3811 1191 3889 proxime
1201 3828 1329 3886 sequun-

245 3922 295 3979 tur
308 3917 442 3992 apparet,
464 3919 564 3972 nostra
583 3912 769 3972 referendum
791 3930 850 3972 esne
871 3913 910 3972 ad
928 3919 1089 3974 senatores.
1129 3913 1172 3974 At
1188 3915 1226 3974 de
1242 3928 1329 3975 eena-

247 4020 361 4080 toribua
379 4032 543 4078 sermonem
560 4033 699 4076 essenon
719 4015 860 4095 oportuit3
881 4033 951 4074 nam
968 4017 1014 4076 illi
1030 4032 1122 4094 remp.
1133 4019 1332 4095 permiserunt

248 4120 448 4184 oonsulibus.”
469 4120 506 4179 R.
518 4153 558 4162 -
568 4117 707 4180 Etiamne
722 4119 812 4193 igitur
829 4117 874 4177 illi
892 4119 983 4178 animi
1001 4120 1124 4181 effeetus
1134 4138 1212 4199 suos,
1233 4121 1329 4196 indig-

246 4227 396 4285 nationem
423 4223 555 4297 iramque
585 4222 755 4281 eensnlibus
779 4222 997 4298 permiserant?
1026 4220 1109 4295 Ques
1129 4224 1218 4301 ipsos,
1240 4238 1329 4300 qnam

244 4329 434 4408 impatienter
461 4326 663 4387 incredibilem
698 4327 780 4385 illam
802 4327 1015 4403 impudentiam
1035 4326 1154 4407 tenent,
1174 4329 1256 4390 haud
1274 4331 1327 4389 ob*-
