3086 5192
769 463 806 528 14

283 640 327 689 nto
354 648 413 689 iton
443 629 613 690 diaaolntnna
630 629 731 688 cicini.
774 627 891 688 Oratori
908 626 1010 688 obiicit
1027 628 1073 705 R,
1095 633 1129 688 ut
1150 630 1234 708 solat,
1256 638 1323 690 euin

242 734 303 792 vim
333 733 471 793 vocabuli
498 730 668 792 discolntnnc
694 748 753 791 non
781 733 950 791 assecutum
971 745 1046 807 esse,
1069 729 1147 804 quod
1167 729 1325 791 salsamenti

242 837 292 897 vel
302 836 414 896 anteit
424 837 540 916 opponi,
562 852 600 896 ex
610 835 724 895 duobus
738 833 888 894 Ciceronis
898 833 973 893 locis
983 831 1109 893 conficit.
1120 833 1162 894 At
1172 833 1240 895 aliis
1251 835 1324 896 locis

242 940 360 1019 probari
369 943 466 1018 potest
487 940 566 999 idem
582 957 646 998 roc.
665 939 774 1016 opponi
791 935 951 1015 arroganti,
973 935 1011 997 de
1023 934 1078 999 off.
1099 937 1124 1015 Ι,
1140 937 1189 1014 28,
1201 939 1253 1015 993
1274 937 1325 999 vel

242 1044 393 1124 constanti,
413 1045 504 1105 Tusa.
526 1044 579 1121 IV,
601 1043 649 1121 25,
671 1043 719 1121 55,
741 1043 856 1117 delego
873 1041 980 1116 Agrar.
1002 1042 1043 1120 ΙΙ,
1066 1043 1114 1118 20,
1127 1041 1323 1121 invelnpto,

242 1149 280 1209 de
309 1146 365 1208 Off.
396 1149 420 1226 I,
452 1147 500 1225 35,
534 1149 601 1225 129,
632 1147 682 1205 vel
713 1145 841 1220 denique
862 1143 1006 1222 diligenti,
1022 1142 1169 1221 prudenti,
1192 1144 1326 1224 sapienti,

241 1251 333 1329 proni,
353 1250 455 1310 multis
481 1249 548 1308 aliis
568 1247 736 1309 virtutibus.
780 1247 883 1320 Quid?
905 1246 984 1322 quod
1002 1245 1214 1321 coninnpnntnr
1235 1249 1325 1307 etiam

242 1353 398 1415 diasolntns
426 1357 456 1414 et
480 1351 614 1432 cantetis,
634 1353 665 1412 in
684 1354 767 1412 Verr.
789 1350 830 1430 II,
852 1354 879 1429 3,
901 1351 949 1410 56.
995 1351 1061 1424 „Tu
1082 1352 1212 1411 omnium
1232 1352 1325 1412 hornia

241 1474 312 1516 num
333 1456 578 1517 dissolutissimus
599 1454 878 1530 crudelissimusque
901 1471 1018 1531 semper
1038 1453 1151 1514 fuistl.'’
1193 1457 1324 1515 Nonmi-

241 1560 367 1620 randum
388 1560 479 1634 igitur
496 1563 550 1637 est,
572 1559 598 1617 si
619 1575 657 1617 cx
674 1561 736 1616 tam
756 1557 832 1616 falso
849 1557 1012 1634 praemisso
1029 1556 1107 1618 salsa
1128 1559 1325 1635 etiamsequi

241 1669 291 1729 tur
310 1664 472 1727 conclusio:
496 1663 573 1737 „iam
593 1678 733 1721 veroroon
750 1658 906 1717 dissolatas
927 1664 973 1719 est
990 1677 1125 1720 severus:
1147 1661 1239 1735 igitur
1249 1661 1326 1722 duae

242 1768 418 1843 sententiae,
447 1782 527 1841 quae*
552 1763 630 1822 idem
648 1761 709 1822 fere
731 1760 897 1834 significare
915 1760 1071 1836 debebant,
1093 1779 1110 1821 e
1131 1763 1251 1837 regione
1269 1765 1326 1823 sibi

242 1868 457 1952 opponuntur.''
498 1866 667 1927 Ridiculum
688 1882 822 1942 errorem,
844 1863 922 1941 quod
943 1865 1146 1940 coniungendo
1167 1867 1323 1926 itoitdiaso

244 1976 336 2037 tntntn
359 1974 531 2048 negativam
549 1972 727 2032 sententiam
745 1970 938 2030 affirmantem
953 1969 1091 2048 effecerit,
1112 1971 1233 2031 comiter
1250 1972 1325 2031 indi·

243 2079 324 2140 cavit
350 2076 482 2155 Bootius,
514 2091 692 2152 quamquam
722 2072 795 2133 mihi
823 2072 974 2150 sophisma
1001 2074 1100 2150 potius
1120 2073 1247 2153 videtur,
1268 2092 1326 2155 quo

243 2185 384 2245 misem
400 2179 548 2240 rhetorem
558 2178 737 2256 ineptiarum
756 2194 881 2252 arguere
898 2174 1006 2254 possit:
1027 2196 1097 2236 nam
1115 2179 1203 2256 aequi
1220 2179 1326 2243 iudicis

244 2291 291 2350 est
320 2303 380 2346 non
407 2284 548 2362 iudicare,
578 2283 637 2342 nisi
661 2282 736 2341 bene
760 2299 823 2340 rem
847 2282 1026 2356 cognoverit.
1067 2282 1147 2357 Ergo
1171 2301 1230 2343 non
1247 2284 1326 2347 idem

243 2389 410 2467 siguificare
438 2387 513 2447 duas
537 2386 702 2446 sententias
722 2384 865 2461 videmus,
886 2402 941 2444 nec
963 2384 1020 2443 sibi
1037 2385 1144 2462 opponi
1163 2386 1327 2447 clementem

242 2499 274 2555 et
301 2490 479 2568 dissolntnrn,
509 2488 561 2549 sed
592 2486 687 2564 gradu
704 2490 820 2546 tantum
851 2505 888 2546 ea
908 2486 1034 2547 differre.
1077 2488 1215 2549 Rinkesii
1237 2509 1327 2553 causa

242 2596 514 2676 interpretationem
545 2593 712 2654 addendam
743 2598 824 2670 puto.
865 2592 960 2669 (lupio
991 2610 1038 2652 me
1069 2609 1135 2653 esse
1164 2594 1327 2656 clementem

241 2703 262 2761 i.
292 2718 319 2761 a.
350 2716 409 2758 non
440 2697 529 2757 nimis
550 2713 700 2774 severum,
722 2695 809 2772 cupio
830 2712 900 2754 vero
918 2695 1008 2755 ctiam
1025 2694 1057 2755 in
1074 2698 1167 2758 tantis
1187 2701 1327 2776 periculis

237 2823 290 2866 me
317 2821 376 2863 non
407 2801 577 2862 diacolntnm
605 2802 625 2859 i.
655 2818 681 2860 e.
706 2818 766 2859 non
786 2800 987 2874 negligentem
1004 2800 1113 2881 videri;
1135 2802 1188 2862 sed
1206 2803 1265 2864 iam
1282 2804 1328 2866 illi

242 2906 342 2969 studio
367 2905 456 2966 nimis
473 2904 630 2979 indulgens
652 2921 687 2963 eo
704 2919 877 2980 progressus
899 2919 973 2980 sum,
993 2908 1027 2964 ut
1048 2922 1107 2964 non
1127 2908 1327 2981 negligentiae

242 3016 367 3088 tantum,
399 3009 452 3069 sed
481 3008 606 3067 inertiae
627 3006 837 3082 nequitiaeque
854 3024 901 3065 me
922 3006 1135 3066 condemnem·
1163 3008 1260 3069 Simili
1280 3029 1326 3070 ra·

244 3117 326 3177 tione
344 3113 417 3173 dicit
445 3112 465 3189 5
497 3113 532 3171 3:
563 3126 633 3184 ,nos
654 3109 792 3169 consules
814 3107 982 3167 desumus.''
1023 3108 1197 3192 Artificiose
1210 3130 1243 3172 se
1263 3112 1328 3191 ipse

243 3198 373 3295 accusat,
405 3231 474 3273 mox
505 3213 537 3272 in
561 3217 693 3291 tempora
711 3212 801 3314 ipque
819 3229 870 3270 eos
888 3211 1029 3290 homines,
1051 3213 1102 3289 qui
1120 3215 1170 3272 vel
1179 3213 1327 3277 Catilinae

243 3319 376 3382 consiliis
406 3317 549 3393 faverent,
570 3316 620 3374 vel
640 3314 769 3374 nondum
790 3312 943 3374 crederent
971 3314 1202 3375 coniurationem
1219 3317 1327 3378 iactam

243 3441 319 3504 esse,
339 3423 457 3499 culpam
478 3419 685 3480 translaturus.

284 3632 306 3708 ξ
328 3630 356 3690 5.
378 3629 458 3688 intro
489 3627 601 3687 monio
621 3659 661 3670 -
679 3623 839 3704 perniciem
864 3625 986 3703 rcipnbl.
1009 3625 1178 3688 molientem.
1203 3629 1326 3704 ,Gravi-

243 3739 289 3794 ter
306 3733 338 3791 in
358 3731 406 3791 his
427 3728 526 3790 verbis
547 3731 649 3806 lapsus
671 3734 716 3789 est
730 3729 845 3806 rhetor,
866 3747 936 3789 nam
956 3731 1080 3808 reipubl.
1101 3733 1261 3810 perniciem
1270 3734 1326 3795 Oa·
1391 3789 1394 3792 ,

243 3836 332 3895 tiliua
351 3833 442 3893 otiam
452 3833 549 3892 moliri
562 3836 679 3909 poterat
690 3835 775 3891 extra
785 3832 916 3892 urbem.''
928 3834 964 3895 R.
977 3867 1017 3880 -
1027 3836 1144 3895 Vanam
1154 3836 1327 3914 futilemquc

244 3937 464 4000 accusationem
495 3938 574 3994 recte
606 3934 758 4008 redarguit
785 3935 916 3995 Bootius.
959 3938 994 3995 In
1027 3939 1065 3998 iis
1085 3957 1164 4019 vero,
1186 3958 1263 4016 quae
1281 3959 1326 4003 se·

243 4047 387 4122 quuntur:
411 4057 520 4117 ,quum
541 4039 672 4099 enimin
693 4040 799 4099 castris
821 4045 885 4099 crat
901 4041 981 4118 apud
1003 4042 1149 4105 Faesulas
1160 4063 1326 4124 aequeper-

242 4148 351 4209 niciam
372 4144 545 4205 intestinam
565 4140 765 4220 rnoiictntnr,''
787 4141 885 4218 ipsum
896 4161 1047 4206 censorem
1063 4148 1195 4221 gravitm
1211 4148 1328 4225 lapsum

242 4270 310 4315 esse
336 4250 481 4327 videmus,
509 4252 562 4310 ant
586 4251 688 4308 contra
715 4247 872 4307 veritatem
897 4248 1064 4328 Catilinam,
1091 4267 1178 4326 quem
1199 4252 1328 4313 nondum

244 4375 396 4432 egressum
427 4355 544 4433 scimus,
576 4355 636 4414 iam
665 4354 696 4412 in
721 4354 826 4412 castris
857 4353 949 4413 fuisse
971 4360 1148 4434 narrantem,
1170 4362 1230 4436 aut,
1251 4357 1328 4432 qnod
