3086 5192
755 486 793 543 81

229 660 320 703 cesara
350 643 414 703 vita
445 642 565 704 dicitur:
586 648 628 721 ut,
648 643 736 703 anias
756 659 877 702 asararn
899 642 987 700 norae
1007 639 1167 717 aladiatcri
1187 638 1237 698 isti
1257 644 1315 697 nort

228 742 398 825 dedissem,''
429 746 482 806 vix
506 746 564 805 sihi
589 748 647 824 ipsi
668 747 831 822 obloquens
852 744 892 805 od
912 743 1062 803 necatam
1081 743 1191 803 addere
1208 741 1315 820 potuit.

228 849 289 924 Qui
306 856 407 911 tamen
428 867 461 910 se
489 868 604 911 errasse
626 851 690 929 ipse
711 848 844 911 confiteri
861 848 988 927 videtur,
1010 865 1100 924 quum
1120 864 1190 906 mox
1210 844 1314 907 adiun-

227 957 295 1028 gat:
329 952 404 1030 ,An,
435 952 511 1011 ande
532 954 640 1032 alatur,
662 953 699 1013 de
720 970 779 1028 quo
799 970 885 1012 usum
905 951 1033 1011 fructum
1054 950 1162 1028 capiat,
1183 953 1213 1009 et
1231 947 1316 1009 cuius

227 1055 285 1114 tihi
312 1058 421 1114 sortem
448 1054 576 1116 reddat?
608 1056 649 1115 Et
665 1054 722 1115 hoc
741 1055 862 1114 melius:
882 1071 952 1114 nam
973 1053 1040 1113 ideo
1061 1052 1190 1113 addidit:
1212 1048 1317 1110 Reddit

225 1157 284 1217 tihi
307 1158 391 1217 citc.''
431 1159 568 1220 Profecto
598 1160 654 1220 hoc
684 1159 791 1220 melius
812 1164 871 1238 est3
893 1177 962 1218 nam
979 1158 1044 1217 vito
1063 1173 1123 1217 non
1143 1172 1243 1233 asara,
1263 1153 1318 1214 sed

185 1312 189 1317 .
230 1266 317 1337 capnt
348 1265 403 1338 est,
423 1261 508 1321 cuius
536 1279 608 1322 usus
628 1262 741 1323 fruetus
760 1261 847 1321 nobis
864 1265 911 1322 est
928 1278 1094 1321 macomus.
1135 1260 1200 1319 Nec
1220 1259 1317 1318 maius

226 1379 300 1423 suae
331 1366 497 1424 mumanae
528 1364 718 1441 praesidium,
746 1365 857 1442 opinor,
888 1362 959 1423 hinc
986 1363 1063 1440 petit
1090 1363 1139 1422 B.:
1163 1362 1223 1436 ,Ut
1242 1360 1316 1420 ha

228 1467 317 1526 unias
344 1484 464 1527 asararn
491 1469 588 1545 leorae,
610 1469 653 1528 sic
670 1468 743 1528 aiibi
764 1467 866 1529 Cicero
884 1467 961 1528 dixit
981 1467 1053 1527 lacis
1069 1466 1217 1545 asararn'',
1238 1466 1318 1542 quod

226 1569 337 1630 deinde
365 1572 510 1648 exemplis
537 1570 651 1647 probat.
694 1568 760 1628 hnc
788 1570 867 1628 enim
887 1568 976 1628 citam
992 1572 1085 1647 notat,
1105 1586 1165 1627 non
1183 1566 1318 1644 temporis

226 1671 413 1752 particulam,
444 1690 540 1750 neque
568 1672 612 1731 ita
639 1671 713 1732 haec
744 1672 853 1732 locutio
884 1672 1022 1732 convenit
1039 1689 1106 1731 cum
1126 1670 1187 1731 illis
1208 1670 1318 1749 verbis,

229 1777 288 1836 nisi
309 1776 403 1837 addas
424 1778 463 1836 ad
483 1776 640 1855 circadam,
671 1781 705 1835 ut
735 1775 907 1836 Ciceronem
928 1776 1037 1837 alicubi
1064 1775 1162 1836 dicere
1183 1775 1318 1835 memini:

229 1881 327 1956 ,quod
346 1880 452 1956 cuique
476 1881 617 1957 temporis
642 1879 681 1938 ad
709 1877 857 1937 nicendanr
884 1879 987 1939 datum
1016 1883 1070 1957 est,
1092 1895 1128 1940 eo
1146 1877 1234 1939 dehet
1248 1895 1314 1938 osse

227 1982 413 2044 contentus.”
455 1983 533 2041 Nam
555 1980 593 2040 ad
612 1980 703 2039 alium
721 1981 815 2039 etiam
834 1998 929 2058 usum,
961 1998 1050 2058 quam
1079 1980 1118 2041 ad
1145 1979 1314 2059 vivendum,

226 2090 344 2161 tompus
364 2085 511 2160 horasque
530 2083 620 2143 alicui
641 2082 801 2143 concedere
817 2099 983 2159 possumus.

269 2309 327 2354 reon
344 2295 426 2355 modo
444 2313 473 2353 se
494 2312 551 2353 rnen
572 2292 814 2373 contaminarant,
834 2293 884 2354 sed
906 2293 994 2354 etiarn
1012 2293 1209 2355 honestarunt.
1233 2294 1315 2371 ,Iam

227 2399 261 2458 id
293 2399 445 2477 aliquanto
476 2399 599 2458 nimium
631 2404 685 2475 est,
717 2398 828 2459 dicere:
861 2417 891 2457 se
919 2398 1070 2458 honestare
1101 2399 1228 2459 alicuius
1248 2416 1316 2459 san-

223 2503 349 2579 guiuefl
369 2506 407 2563 R.
428 2537 468 2547 —
488 2504 552 2564 Hoc
569 2521 629 2563 non
642 2504 731 2562 nimis
748 2503 912 2578 urgendum
929 2520 1005 2581 esse,
1026 2504 1077 2581 qui
1106 2504 1200 2564 libero
1217 2504 1316 2564 animo

228 2606 311 2684 legit,
342 2606 429 2665 facile
460 2606 611 2681 intelligit.
652 2606 775 2684 Proprie
802 2605 881 2667 enim
905 2605 1022 2683 dicitur,
1043 2606 1184 2683 camnine
1201 2624 1231 2665 se
1252 2624 1316 2667 con*

228 2707 381 2785 taminare,
413 2710 460 2768 cui
488 2710 531 2767 ita
551 2709 709 2785 opponitur
729 2727 763 2772 se.
783 2708 942 2788 ironestare,
964 2715 998 2769 ut
1019 2710 1185 2772 sententiae
1208 2713 1316 2789 potius,

227 2826 307 2887 quae
335 2815 381 2870 est
409 2812 440 2870 in
460 2811 715 2888 praecedentibus,
736 2829 825 2888 quam
846 2812 920 2888 ipsis
940 2812 1060 2889 quidem
1077 2813 1176 2873 verbis
1196 2831 1315 2890 respon·

227 2913 307 2992 dest,
338 2913 394 2974 hoc
414 2913 514 2974 moder
536 2914 562 2973 si
584 2913 737 2973 Saturnini
755 2920 785 2974 et
802 2919 965 2974 ceterorum
987 2916 1078 2976 caede
1099 2917 1208 2977 famam
1229 2935 1314 2978 suam

227 3018 384 3079 nonmedo
404 3035 463 3078 non
480 3019 725 3097 contaminarunt,
748 3019 801 3079 sed
822 3019 913 3078 etiam
933 3018 1137 3081 honestarunt.
1178 3022 1314 3082 Praeter·

226 3138 265 3181 ea
293 3126 435 3179 oratorem
466 3119 522 3179 siti
541 3138 599 3179 non
616 3126 755 3199 constare,
782 3121 864 3199 dicit,
896 3138 1013 3200 ercmqne
1040 3122 1150 3199 facisse
1176 3142 1249 3202 qnae
1270 3143 1315 3184 sne

226 3242 285 3303 pra
311 3225 441 3304 dictaret,
462 3225 500 3285 de
517 3226 566 3285 Ti.
585 3224 720 3286 Graccho
742 3226 762 3302 ἓ
785 3229 818 3285 3:
842 3244 906 3285 eant
925 3226 1107 3286 mediocriter
1126 3227 1317 3305 labefactasse

228 3329 351 3407 rapaci.
370 3334 494 3397 statam;
515 3330 553 3389 de
574 3329 647 3390 Gaio
669 3330 689 3407 5
709 3332 743 3389 4:
763 3335 883 3408 preprter
903 3331 1045 3409 qaasdarn
1070 3332 1241 3392 seditionum
1269 3352 1315 3393 sa-

229 3433 378 3511 spicicnes.
400 3467 440 3476 -
460 3433 502 3493 At
519 3433 707 3512 artificiosam
727 3434 957 3494 extenuationem
977 3453 1044 3496 eam
1061 3454 1127 3497 esse
1148 3455 1187 3498 ex
1207 3439 1316 3500 Mureti

228 3534 366 3595 adhunc
392 3536 489 3596 locum
519 3536 710 3597 adnotatione
739 3537 803 3614 ipse
835 3537 949 3598 docuit:
980 3539 1103 3599 Boetius
1134 3546 1234 3601 autem
1262 3543 1316 3602 illa

227 3638 319 3698 verba
337 3639 357 3716 ξ
378 3639 455 3698 3ita
475 3640 617 3716 explicat:
642 3639 811 3713 ,Extenuat
828 3639 877 3699 Ti.
906 3638 1033 3701 Gracchi
1051 3647 1183 3721 conatus,
1203 3648 1237 3705 nt
1257 3644 1314 3704 Oa-

227 3740 315 3800 tilina
342 3741 370 3800 ei
402 3741 554 3818 oppositus
585 3746 669 3802 tanto
696 3740 810 3801 foedior
834 3742 979 3821 videatur,
1011 3744 1172 3822 eodemque
1190 3746 1315 3808 artificio

227 3844 321 3904 utitur
351 3844 371 3921 ξ
404 3848 433 3904 4.
473 3844 576 3906 Cicero
607 3848 723 3923 quoties
753 3863 852 3925 causa,
883 3864 972 3924 quam
994 3849 1112 3927 agebat,
1133 3852 1313 3932 postulabat,

230 3949 318 4009 aliter
345 3948 382 4009 de
406 3949 508 4009 multis
539 3950 698 4030 iudicabat,
732 3970 820 4029 quam
844 3953 896 4012 nbi
917 3952 993 4013 nihil
1017 3955 1139 4016 vetabat
1160 3959 1316 4035 quonimus

231 4051 322 4111 animi
354 4052 532 4111 sententiam
552 4054 756 4130 expromeret’'
771 4059 826 4116 cet.
869 4056 938 4116 Non
955 4055 1058 4117 debuit
1076 4058 1167 4133 igitur
1187 4059 1266 4120 idem
1284 4061 1313 4120 h.

229 4158 249 4216 l.
282 4156 321 4216 ad
347 4155 535 4215 horrescerent
555 4156 710 4217 adnotare:
735 4160 821 4230 „Non
842 4159 952 4232 optime
973 4160 1029 4220 hoc
1050 4163 1188 4223 convenit
1206 4163 1315 4242 ineos,

229 4260 281 4336 qui
313 4257 464 4321 Gracchos
491 4259 709 4337 interfecerunt,
738 4260 884 4336 siquidem
904 4262 1046 4324 Tiberius
1067 4264 1253 4327 mediocriter
1273 4269 1316 4327 la-

239 4364 400 4428 befactavit
418 4368 527 4426 statum
545 4364 670 4442 reipubl.
689 4362 723 4443 (ξ
746 4363 788 4445 3),
810 4364 900 4427 Gaius
917 4372 1036 4447 propter
1056 4368 1200 4446 quasdam
1218 4370 1319 4433 sediti-

1180 4476 1198 4532 6
