3086 5192
765 449 804 504 58

241 606 377 667 exsilium
410 624 556 686 rruirquaoi
587 606 656 665 icit!
683 608 762 665 Vere
779 605 897 682 titubat,
919 606 969 682 qai
988 606 1064 665 talia
1087 605 1256 679 excogitare
1277 622 1329 682 po·

241 715 317 789 test3
340 730 431 789 quare
447 716 482 771 ut
497 712 662 789 resipiscat,
683 710 795 770 suadeo
814 716 848 771 ut
872 712 986 785 relegat
1007 708 1089 769 Orat.
1112 710 1153 786 11,
1175 727 1199 767 c.
1223 712 1250 768 7.

281 916 372 993 §23
394 915 482 976 Recta
509 935 598 993 perpe
629 919 661 976 iu
693 916 837 976 rusilium.
881 918 993 990 „Recta
1013 917 1163 993 pergimus
1184 916 1211 974 si
1233 915 1265 973 in
1285 916 1327 974 lo·

239 1036 307 1078 cum
324 1018 477 1079 definitum
495 1021 580 1079 imus.
621 1020 663 1079 At
679 1020 817 1080 exsilium
839 1037 899 1077 ease
919 1023 1018 1095 potest
1044 1017 1078 1076 iu
1098 1034 1328 1095 unamquamque

240 1126 355 1197 partem
375 1126 528 1200 terraram,
555 1127 589 1181 ut
613 1139 703 1199 supra
723 1122 836 1181 insulse
856 1121 967 1181 dictum
997 1124 1043 1180 est
1063 1139 1083 1180 a
1100 1124 1203 1179 nostro
1225 1119 1245 1197 ξ
1269 1121 1328 1178 20:

243 1242 336 1299 „quae
349 1242 439 1300 qaam
460 1225 503 1284 ita
524 1225 592 1302 sint,
604 1224 722 1283 dubitas
743 1258 784 1266 -
805 1223 886 1282 atine
906 1224 938 1281 iu
959 1223 1074 1300 aliquas
1096 1222 1218 1281 terras.''
1239 1222 1276 1280 R.
1288 1254 1329 1264 —

240 1325 307 1384 Etsi
327 1325 423 1384 fateor
443 1343 528 1384 asum
548 1326 688 1401 voluisse,
709 1330 743 1384 ut
763 1325 883 1384 adverb.
913 1331 993 1383 recta
1012 1325 1143 1384 definitis
1157 1325 1328 1401 plerumque

240 1429 312 1487 locis
330 1428 550 1517 adiungentur,
571 1428 647 1486 nihil
672 1430 704 1486 in
724 1429 789 1505 ipso
807 1428 951 1489 vocabulo
970 1446 1036 1488 ease
1057 1428 1154 1505 video,
1175 1428 1254 1504 quod
1274 1427 1327 1485 im·

238 1531 350 1609 pediat,
372 1532 528 1608 quominus
558 1530 588 1590 h.
617 1532 637 1590 l.
661 1536 741 1591 recte
766 1532 861 1608 possit
888 1530 1032 1590 adhiberi.
1074 1530 1223 1608 Exprimit
1250 1530 1328 1588 enim

239 1650 346 1708 graeca
374 1637 464 1712 εὐθύ,
498 1637 548 1706 τήν
578 1637 712 1710 εὐθεῖαν,
743 1650 819 1709 quae
841 1651 931 1709 quum
952 1651 1041 1709 saepe
1063 1637 1166 1693 notent
1187 1633 1329 1709 continuo,

240 1736 345 1814 statim,
377 1754 429 1796 cur
456 1755 514 1796 non
542 1737 646 1797 eadem
674 1737 764 1798 etiam
796 1738 890 1796 latino
926 1737 1067 1797 adverbio
1096 1738 1244 1796 tribuatur
1269 1736 1328 1810 sig·

238 1838 377 1917 nificatio,
409 1840 480 1916 quia
511 1845 590 1898 reeta
617 1839 664 1897 oia
695 1844 775 1899 certe
802 1839 978 1899 brevissima
1002 1840 1050 1899 sit.
1073 1840 1115 1899 Ut
1136 1839 1228 1913 igitur
1248 1838 1328 1915 apud

238 1940 360 1999 Terent.
381 1939 473 1998 Andr.
494 1941 551 2017 111,
571 1944 600 2019 4,
622 1943 680 2000 21:
704 1941 793 2017 „quid
811 1959 919 2001 causae
937 1945 984 2002 est
994 1943 1066 2017 quin
1084 1940 1155 2002 hine
1176 1942 1209 2001 in
1226 1941 1326 2018 pistri-

237 2058 307 2100 num
328 2046 410 2102 reeta
426 2041 595 2119 proficiscar
614 2043 665 2103 via
677 2041 713 2102 ?''
734 2047 818 2102 notat
830 2043 935 2122 statim,
957 2044 1019 2125 siue
1035 2059 1126 2103 mors.
1148 2043 1197 2123 (cs.
1208 2044 1327 2102 Phorm.

237 2145 277 2223 ΙΙ,
300 2148 326 2222 1,
348 2147 396 2223 80,
416 2146 468 2205 ubi
488 2165 526 2206 ne
543 2146 625 2206 locus
646 2145 765 2222 quidem
793 2144 944 2225 definitur)
963 2148 1007 2207 sic
1021 2146 1051 2206 h.
1072 2148 1092 2206 l.
1114 2154 1193 2207 recta
1207 2164 1328 2224 perpere

237 2246 359 2322 accipio:
392 2248 546 2308 confestim
571 2249 674 2324 aliquo
702 2248 734 2306 in
765 2249 904 2308 exsilium
930 2249 983 2326 ire,
1009 2253 1090 2309 recta
1110 2250 1161 2308 via
1182 2250 1213 2307 in
1235 2250 1327 2307 alium

236 2348 332 2407 locam
349 2368 481 2428 pergere,
503 2367 591 2426 qnam
609 2351 640 2409 in
662 2355 768 2429 matra,
790 2356 880 2428 atque
898 2354 1032 2412 exsulem
1046 2370 1144 2427 agere.
1166 2353 1245 2412 Nam
1256 2353 1328 2430 quia

237 2452 373 2512 auritium
395 2454 444 2513 hic
468 2456 625 2533 opponitur
649 2455 752 2513 castris
772 2454 933 2534 Mattiacas,
946 2458 1048 2534 aliqua
1069 2459 1175 2517 saltem
1185 2459 1214 2518 ei
1237 2457 1328 2518 tm‘bui

236 2553 369 2616 definitio
389 2556 517 2618 videtur.
557 2557 618 2617 Gur
638 2563 739 2618 autem
764 2558 877 2618 insulse
909 2559 1025 2619 dicatur
1055 2559 1136 2619 adire
1162 2561 1196 2619 iu
1213 2560 1328 2638 aliquas

236 2663 339 2734 taras,
359 2676 419 2716 non
439 2659 546 2718 video:
567 2660 594 2718 si
618 2677 757 2719 numeras
785 2661 892 2737 plural.
910 2662 1055 2722 Rinkesio
1076 2664 1184 2741 obstat,
1205 2667 1323 2739 reputa·

235 2765 276 2838 to,
297 2760 353 2821 hoc
370 2762 435 2840 ipso
457 2781 578 2823 numero
599 2782 688 2841 saepe
710 2763 864 2826 indefinita
886 2768 982 2828 efferri
1002 2769 1106 2845 solere,
1127 2785 1223 2843 neque
1244 2767 1328 2827 aliud

235 2864 298 2926 fere
319 2866 367 2925 hia
388 2867 513 2927 indicari
534 2887 632 2946 quam:
656 2869 737 2929 abire
761 2869 867 2948 atauo,
889 2872 953 2948 ηιξ
975 2875 1021 2931 17.
1043 2871 1327 2950 atiquorourecteres.

275 3074 357 3150 iasar
384 3076 502 3152 patriae
528 3076 641 3155 tellum,
674 3080 788 3137 assultu
817 3077 905 3152 impio
938 3074 1097 3133 latrocinio.
1142 3074 1276 3147 „Bellum
1297 3079 1329 3135 et

235 3176 429 3254 latrocinium,
450 3196 527 3254 quae
545 3178 575 3237 h.
597 3179 617 3237 l.
650 3180 875 3255 coniunguntur,
897 3194 1013 3252 semper
1029 3194 1049 3235 a
1065 3175 1217 3253 Cicerone,
1238 3176 1328 3236 immo

235 3280 326 3337 etiam
340 3298 359 3337 a
390 3278 507 3339 rhetore
535 3280 669 3358 nostro§
690 3284 738 3341 27.
760 3279 1011 3355 distingurmtar.''
1032 3280 1070 3339 R.
1090 3311 1131 3322 -
1159 3281 1208 3340 lta
1227 3284 1328 3340 umen

235 3387 268 3442 ut
292 3383 387 3458 gradu
408 3388 524 3443 tantam
544 3385 697 3463 differant,
719 3391 749 3445 et
768 3385 952 3445 latrocinium
976 3385 1117 3445 iniustum
1150 3385 1261 3444 belhan
1282 3385 1327 3444 di·

234 3490 327 3547 eatm.
370 3484 420 3546 sic
440 3487 531 3546 etiam
549 3487 569 3565 ξ
589 3488 644 3547 33:
668 3488 871 3565 „proficiscere
891 3488 931 3547 ad
951 3488 1074 3564 impimn
1091 3488 1203 3548 bellum
1220 3507 1255 3548 ac
1275 3505 1325 3547 ne-

233 3587 370 3649 fariam.’'
392 3590 428 3649 cf.
451 3589 539 3666 525.
561 3593 592 3649 et
610 3588 691 3652 Orat.
712 3590 778 3651 Oat.
796 3592 837 3668 Η,
860 3594 888 3668 7,
907 3591 954 3649 15.
973 3591 1052 3650 Tam
1081 3589 1101 3667 ξ
1137 3591 1164 3650 5.
1196 3590 1326 3651 Catilina

235 3690 383 3752 iustitium
394 3698 554 3751 castrorum
570 3692 727 3769 impastos
749 3697 776 3750 et
800 3692 861 3751 dua
879 3691 1153 3752 tostiumvocatur:
1174 3692 1212 3751 de
1224 3690 1326 3751 eodem

235 3792 318 3853 Orat.
351 3796 391 3871 Π,
413 3795 475 3871 §2
506 3796 633 3855 dicitur:
677 3796 766 3870 „Sine
799 3796 889 3855 dubio
916 3796 1098 3873 perdidimus
1118 3795 1266 3855 hominem
1286 3826 1326 3837 -

234 3913 325 3971 quam
338 3897 423 3954 illmn
443 3913 482 3955 ex
495 3898 617 3957 occultis
639 3898 755 3958 insidiis
773 3900 805 3957 in
831 3903 966 3977 apertum
986 3900 1173 3961 latrocinium
1201 3898 1324 3958 conieci-

234 3999 330 4060 mus.’'
352 3998 402 4058 Sic
420 4015 511 4076 saepe
531 3999 670 4060 confmdi
690 4000 826 4062 videmus
849 4001 1032 4062 latrocinium
1046 4008 1076 4064 et
1103 4002 1217 4081 betium,
1239 4000 1325 4063 modo

235 4104 276 4166 sit
291 4104 435 4165 imastum
451 4122 486 4165 ac
503 4103 657 4165 nefariam.

278 4327 366 4370 arae
393 4328 451 4369 uou
482 4311 645 4370 eiectus-
667 4314 716 4371 sert
742 4314 886 4373 invitatus.
931 4313 998 4387 „Sic
1026 4318 1059 4374 ut
1085 4314 1159 4375 haec
1181 4317 1212 4374 in
1239 4318 1323 4375 textu
