3086 5192
683 454 810 511 ’18

246 618 336 689 atque
369 611 513 670 obseruari
541 612 666 671 sciant.''
707 609 850 685 Quinctil.
878 613 951 672 Inst.
981 612 1035 691 IX,
1064 615 1090 672 1:
1135 615 1193 689 ,Et
1214 614 1336 675 custodit

246 732 299 776 nos
320 732 423 777 reeens
440 714 624 775 audientium
643 713 797 775 intentio.'’
823 715 921 775 Tacit.
940 715 1019 775 Hist.
1041 716 1082 794 II,
1102 716 1151 776 52:
1174 735 1336 792 ,aarum

246 819 417 879 aratoriis-dl
438 819 624 880 SicAeneid.
640 820 661 878 l.
672 820 726 878 IV.
748 819 853 898 Fama,
875 836 950 895 quae
962 820 1043 879 mille
1058 820 1149 879 oculis
1160 821 1335 900 auribusque

245 924 343 983 omnia
374 925 552 1002 speculatur,
583 924 666 998 „luce
694 922 778 982 sedet
800 928 893 982 creatos
921 922 981 1002 (als
1010 922 1195 1003 bcsptedster)
1224 925 1331 984 summi

244 1029 371 1088 eulmine
392 1028 492 1089 tecti.''
534 1029 699 1103 Utrumque
720 1027 819 1104 igitur,
840 1031 874 1086 ut
901 1025 1045 1105 dicebam,
1066 1027 1189 1087 verbum
1210 1029 1331 1106 utrique

244 1133 359 1193 obiecto
380 1149 474 1208 aeque
488 1131 641 1209 convenit,
661 1147 811 1207 unumque
833 1131 963 1191 efficiunt
984 1132 1183 1209 enunciatum,
1213 1138 1247 1192 ut
1268 1150 1332 1194 sae·

242 1238 311 1314 pius
331 1237 434 1296 Oioero
451 1236 574 1295 verbum
592 1234 738 1312 speculem
762 1253 828 1295 oum
855 1236 914 1296 alio
935 1236 1000 1296 eius
1018 1237 1136 1311 generis
1154 1237 1332 1312 coniungere

244 1339 328 1417 solet,
346 1355 372 1398 e.
390 1355 433 1412 gr.
460 1337 606 1415 speculari
627 1337 855 1415 etperscruturu‘,
877 1338 967 1398 Tusa.
1000 1339 1036 1417 V,
1059 1340 1164 1418 20,59:
1187 1340 1333 1417 speculari

244 1444 275 1499 et
285 1439 421 1519 obsidere,
432 1457 486 1516 pro
495 1440 604 1500 Flacco
614 1440 726 1517 XXIV,
738 1441 793 1500 57:
814 1440 953 1500 tuadiuri
963 1447 994 1502 et
1001 1442 1154 1521 spuatur-t,
1165 1444 1203 1502 de
1214 1441 1295 1502 Orat.
1306 1445 1332 1523 1,

246 1548 371 1624 10,136:
402 1549 433 1604 et
460 1545 489 1604 h.
508 1547 528 1603 l.
551 1543 697 1621 speraturi
717 1550 748 1604 et
779 1544 929 1604 custodire.
971 1546 1064 1606 Nulla
1078 1546 1170 1621 igitur
1190 1565 1264 1626 opus
1285 1551 1333 1609 aa

243 1647 426 1725 conieetrna3
449 1646 606 1706 euuudc'eut
626 1664 696 1706 vero
716 1645 746 1704 h.
761 1646 781 1704 l.
802 1664 923 1723 prorsus
944 1649 1074 1707 alienum
1096 1654 1150 1727 est,
1173 1650 1251 1727 quod
1266 1652 1330 1710 nul·

241 1750 301 1810 lam
319 1750 411 1810 habet
431 1751 549 1810 omnino
570 1749 743 1828 speculandi
758 1754 789 1809 et
806 1751 984 1811 observandi
1001 1752 1255 1835 significationem,
1277 1753 1331 1815 sod

242 1856 476 1915 unioeeffectum
493 1855 614 1933 indicat,
635 1858 669 1913 ut
690 1853 767 1912 infra
788 1855 808 1932 ἕ
825 1858 873 1914 21:
897 1873 1037 1932 ,quorum
1051 1875 1139 1918 voees
1149 1861 1250 1936 paullo
1261 1863 1331 1919 aute

243 1960 384 2019 exaudire
405 1959 559 2037 potuisti'3
581 1976 640 2036 quo
656 1960 721 2018 loco
738 1960 826 2036 plura
843 1960 880 2019 do
900 1959 956 2020 hoo
976 1962 1068 2022 verbo
1089 1963 1232 2024 dicentur.
1269 1966 1329 2025 Ne-

242 2081 390 2140 quaquam
411 2069 511 2124 autem
531 2062 585 2123 hos
597 2064 797 2140 speculatores
815 2063 1010 2141 custodesque
1022 2065 1242 2126 contundendos
1263 2082 1330 2127 esse

242 2187 308 2230 cum
329 2168 424 2250 firmis
438 2169 604 2247 praesidiis,
626 2168 733 2245 quibus
755 2167 939 2228 obsideretur
969 2169 1108 2248 Catilina,
1137 2171 1216 2246 quod
1237 2171 1331 2231 credit

242 2277 289 2352 R,
311 2275 408 2352 quivis
425 2273 513 2334 facile
531 2272 681 2347 intelligit:
705 2271 877 2345 ,Praesidio
897 2273 950 2330 illa
972 2271 1043 2350 (ait)
1064 2292 1123 2332 non
1141 2274 1329 2334 eranthemi-

242 2393 296 2435 nes
317 2376 433 2452 armati,
454 2376 513 2434 nisi
535 2392 570 2433 eo
590 2374 648 2450 die,
670 2391 760 2449 quum
780 2372 883 2432 Oioero
903 2373 1014 2447 insigni
1032 2374 1085 2433 illa
1106 2376 1328 2437 loricaincam·

241 2498 312 2559 pum
343 2478 537 2540 descenderat
566 2511 606 2521 —
632 2477 684 2536 sed
709 2477 822 2535 indices
854 2477 930 2536 oet.''
971 2478 1051 2551 Ergo
1072 2496 1161 2553 quum
1189 2479 1327 2556 Catilina,

242 2584 320 2661 qnod
341 2583 467 2656 legimus
489 2581 509 2658 ξ
529 2582 557 2657 8,
577 2580 740 2638 Praeneste
763 2583 906 2637 nocturno
931 2579 1043 2654 impetu
1064 2597 1208 2657 occupare
1228 2580 1328 2657 vellet,

241 2685 386 2745 iudicitur
417 2682 697 2761 speculatoribusque
724 2698 790 2740 eam
821 2681 924 2742 urbem
945 2681 1079 2742 defendit
1097 2682 1225 2743 Cicero?
1247 2683 1327 2743 Dicit

242 2792 339 2850 enim:
363 2789 538 2864 „sensistine
555 2787 638 2846 illam
659 2786 804 2845 coloniam
814 2803 880 2845 meo
901 2787 984 2846 iussu
1002 2787 1169 2867 praesidiis,
1182 2787 1327 2850 custodiis

242 2892 413 2968 vigiliisque
432 2908 497 2952 esse
519 2887 709 2950 munitam''?

610 3169 844 3236 CAPUT
891 3172 960 3235 III.

673 3375 863 3386 ffl—

286 3511 340 3583 „In
361 3506 552 3584 sequentibus
570 3506 691 3582 exponit
712 3504 938 3565 Pseudo-Cicero
962 3504 1033 3580 quid
1065 3505 1161 3579 egerit
1186 3505 1326 3583 Catilina,

241 3613 349 3691 quibus
366 3616 509 3691 appareat
519 3611 600 3671 illius
621 3610 745 3670 consilia
755 3611 813 3671 sibi
825 3614 937 3688 patere.
959 3606 1119 3682 -Quodsi
1129 3610 1230 3686 paullo
1240 3627 1325 3672 accu-

240 3720 334 3778 ratius
367 3718 547 3781 attendimus
575 3716 614 3775 ad
645 3715 734 3775 finem
762 3734 787 3775 c.
817 3719 845 3793 4,
866 3716 932 3774 luce
954 3715 1062 3773 alarius
1080 3713 1246 3774 videbimus
1263 3733 1326 3774 rem

239 3840 299 3882 non
319 3838 386 3880 esse
403 3819 488 3880 uobis
510 3837 575 3879 cum
593 3819 742 3897 Cicerone,
765 3819 818 3879 sed
839 3818 1325 3894 onmtaepaatuoualuuutae't

240 3931 296 3987 cet.
307 3926 345 3984 R.
356 3958 396 3967 —
406 3925 510 3998 Pergit
516 3923 578 3983 sere
588 3922 644 3983 hoc
651 3922 737 3982 modo
747 3923 887 3983 iniuriose
898 3928 987 3999 atque
999 3929 1171 3998 arroganter
1181 3928 1325 3985 oratorem

239 4046 368 4108 carpere,
390 4028 522 4105 adquae
541 4026 739 4103 respondendi
756 4025 856 4085 labore
876 4026 1067 4103 supersedere
1084 4044 1247 4105 possemus,
1266 4027 1326 4086 nisi

240 4133 386 4210 quaedam
414 4133 547 4192 inessent
577 4130 712 4207 speciosa
742 4130 874 4207 erimina,
903 4147 988 4207 quae,
1016 4149 1054 4193 ne
1071 4130 1145 4191 forte
1163 4130 1326 4208 imperitior

238 4238 305 4314 quis
321 4236 370 4296 his
392 4236 458 4312 capi
479 4251 511 4293 se
529 4234 669 4312 patiatur,
690 4232 848 4295 refutanda
862 4249 927 4293 esse
955 4234 1089 4293 arbitror,
1131 4234 1177 4294 De
1195 4234 1247 4293 illo
1271 4250 1322 4293 au·

237 4347 306 4417 tem,
328 4339 406 4416 quod
423 4336 576 4398 subfinem
598 4355 622 4397 c.
644 4337 697 4397 Vl.
720 4336 910 4399 declamatori
932 4335 1047 4398 crimini
1058 4336 1119 4415 dat,
1141 4335 1323 4399 suolooovi·
