3086 5192
747 468 784 522 61

223 625 286 686 Neo
311 627 415 684 mirum
436 626 563 702 quidem,
591 623 732 700 quoniam
757 623 809 681 illa
838 640 897 680 non
914 622 1070 700 intellexit,
1091 639 1214 698 quorum
1231 624 1305 683 haee

222 734 291 788 sunt
322 729 407 806 quasi
438 726 636 806 amplifioatio.
678 727 756 785 Nam
788 724 936 783 deuterum
968 723 1131 799 transferre
1151 726 1189 784 od
1210 742 1306 784 aorem

222 834 373 907 eleganter
399 832 508 893 dieitur
524 849 577 907 pro
599 828 725 887 transire
747 829 785 887 od
810 846 905 887 aecem
928 826 1039 906 etaiam,
1060 829 1306 905 quemadmodum

221 955 249 995 v.
282 954 307 995 e.
339 953 442 995 morters
473 935 553 1011 operi
570 934 727 1010 admovere,
748 948 802 1008 pro
824 950 894 1008 opos
915 932 1044 1008 aggredi,
1065 933 1183 991 similia.
1205 934 1305 992 Verba

149 1053 152 1057 ’
222 1044 322 1099 autem
353 1057 372 1098 o
400 1039 480 1099 caios
498 1037 641 1098 altoribus
667 1041 722 1097 oet.
744 1036 922 1113 respondent
942 1036 1198 1116 praecedentibus,
1219 1054 1305 1115 piram

222 1144 354 1202 orsmari
371 1143 489 1221 soledos,
510 1148 599 1220 atque
616 1141 767 1201 indicant:
789 1158 879 1217 saepe
901 1159 968 1199 eum
985 1141 1023 1199 ab
1045 1142 1163 1217 aquilae
1181 1158 1303 1201 venera·
1349 1217 1350 1221 Ἰ

222 1245 301 1307 tione
323 1252 353 1306 et
374 1264 392 1304 a
413 1245 556 1307 saeririoio
576 1245 714 1304 continuo
735 1242 851 1302 oivibus
880 1260 1000 1302 mamnn
1028 1243 1174 1303 intulisse.

600 1431 834 1497 CAPUT
883 1432 924 1494 X,

654 1640 844 1655 nn—-n-u

260 1771 324 1830 Hoo
355 1775 452 1848 eaput,
480 1770 523 1830 ait
540 1771 577 1829 R.
598 1786 674 1844 „non
691 1770 811 1831 videtur
829 1787 848 1828 a
865 1768 982 1829 rhetore
1004 1786 1058 1828 suo
1079 1769 1143 1827 loeo
1165 1786 1230 1829 esse
1251 1787 1302 1847 ap*

218 1874 376 1950 positum.'’
418 1875 459 1933 Ut
483 1873 574 1948 igitur
590 1874 704 1952 doceat,
726 1891 784 1951 quo
809 1876 873 1934 loeo
898 1873 1105 1951 apponendum
1124 1872 1239 1952 fuisset,
1259 1875 1303 1934 ita

218 1978 329 2053 pergit:
363 1976 414 2052 „Si
445 1978 550 2037 saltem
582 1978 628 2057 iis,
657 1996 733 2055 quae
750 1978 806 2038 hoo
823 1979 922 2055 eapite
942 1980 1082 2052 leguntur
1102 1979 1183 2038 loeus
1201 1995 1302 2038 eonse-

218 2080 333 2141 dendus
361 2086 408 2141 est
434 2082 466 2140 in
498 2082 639 2161 oratione,
671 2100 730 2159 qua
761 2083 828 2159 quis
849 2082 966 2142 hostem
983 2084 1098 2160 patriae
1119 2083 1151 2141 io
1168 2082 1303 2142 soritium

218 2183 314 2262 mittit,
334 2183 463 2262 pertinet
484 2184 522 2243 ad
541 2202 606 2244 eam
619 2190 743 2263 partem,
771 2185 804 2243 io
824 2202 882 2262 quo
902 2184 1049 2245 Catilinae
1062 2185 1303 2244 roositotarbem

217 2285 401 2365 relinqueret,
429 2287 507 2363 quod
535 2286 611 2345 nihil
640 2294 727 2366 esset,
756 2287 834 2364 quod
855 2289 971 2348 eumin
988 2289 1061 2347 urbe
1091 2294 1192 2365 posset
1222 2288 1301 2349 dele-

219 2395 309 2450 otare.
350 2391 386 2449 In
406 2389 463 2450 hoo
480 2396 579 2451 autem
604 2393 701 2469 eapite
719 2393 791 2452 dioit
809 2397 906 2452 orator
926 2391 1072 2452 Catilinae
1093 2391 1301 2469 profectionem

217 2511 275 2553 non
292 2492 430 2573 dolorem,
448 2494 501 2554 sed
518 2496 701 2571 voluptatem
725 2495 926 2555 incredibilem
937 2495 1094 2553 allaturam
1111 2500 1301 2572 reeensotque

217 2617 323 2659 causas
345 2618 382 2659 ex
404 2598 511 2675 quibus
529 2599 659 2660 Catilina
677 2600 819 2675 gaudium
838 2605 868 2659 et
884 2600 1030 2659 laetitiam
1052 2599 1091 2658 sit
1100 2605 1301 2678 percepturus,

217 2703 243 2759 ri
261 2703 292 2760 in
313 2706 411 2761 eastra
428 2703 572 2761 Malliana
588 2701 745 2779 pervenit.''
768 2704 804 2762 R.
826 2736 866 2745 —-
886 2704 997 2763 Totum
1017 2703 1114 2762 looum
1134 2701 1300 2762 describen-

216 2801 287 2859 dum
314 2802 427 2879 putavi,
454 2820 492 2861 ne
511 2804 694 2879 excerpendo
712 2822 770 2862 non
787 2805 876 2881 plane
897 2805 1020 2866 reddere
1037 2806 1155 2865 viderer
1171 2807 1301 2866 censoris

215 2903 403 2981 sententiam,
434 2922 522 2981 quam
551 2922 610 2963 non
642 2905 716 2964 satis
748 2906 960 2979 intelligebam.
1002 2907 1129 2982 Legenti
1149 2913 1248 2969 autem
1269 2910 1300 2968 in

214 3014 343 3070 mentem
363 3009 436 3068 mihi
457 3009 540 3070 venit
561 3009 735 3069 Terentiani
757 3010 838 3068 illius
856 3009 887 3067 in
904 3011 1025 3088 prologo
1046 3011 1191 3071 Andriae:

338 3114 521 3188 „Faciuntne
549 3114 758 3191 intellegendo,
791 3117 824 3172 ut
844 3113 920 3172 nihil
948 3115 1167 3190 intellegant?”

213 3218 250 3276 In
281 3219 422 3296 oratione,
454 3219 506 3293 ait,
538 3236 595 3297 ooo
622 3218 737 3278 hostem
765 3217 880 3294 patriae
912 3216 944 3276 io
975 3218 1110 3278 rusilium
1130 3220 1218 3279 mittit
1234 3221 1299 3300 hoo,

214 3321 240 3379 si
258 3338 392 3398 usquam,
413 3322 541 3398 pertinet
555 3321 594 3379 ad
613 3339 679 3381 earn
696 3324 819 3398 partem,
831 3319 863 3379 io
874 3337 931 3398 quo
944 3319 1087 3380 Catilinae
1097 3323 1196 3401 ruerit,
1208 3330 1240 3382 ot
1249 3342 1298 3382 or-

216 3424 276 3484 bem
296 3424 478 3503 relinqueret,
500 3425 574 3503 qood
595 3424 673 3483 eiiii
691 3431 762 3487 esser
783 3427 852 3486 oet!
873 3425 1006 3485 Primum
1023 3425 1167 3507 videmus,
1188 3435 1299 3506 quanto

213 3546 301 3606 opere
328 3527 383 3589 hoo
408 3529 504 3607 ipsum
535 3546 640 3588 oavere
666 3527 785 3588 studeat
802 3528 914 3605 Cioero,
935 3546 973 3586 ne
994 3528 1053 3595 diei
1070 3532 1165 3606 possit
1182 3549 1249 3591 eum
1267 3533 1299 3590 iu

213 3631 348 3690 exsilium
369 3630 488 3689 mittere.
531 3630 610 3689 'lum
631 3628 775 3706 quomodo
793 3629 831 3687 ad
853 3645 918 3687 eam
936 3629 1077 3689 orationis
1093 3635 1218 3709 partem,
1239 3650 1298 3709 qua

212 3735 317 3811 inoipit
344 3734 372 3792 ei
396 3732 530 3810 suadere,
551 3736 585 3791 ut
601 3731 812 3808 proficiscatur,
833 3729 889 3791 hoo
906 3736 995 3808 eaput
1015 3734 1172 3813 pertineat,
1193 3754 1251 3812 quo
1265 3743 1298 3797 ut

212 3837 272 3895 iam
300 3840 379 3895 certo
406 3836 438 3893 in
452 3839 552 3894 eastra
572 3834 769 3912 proteotmum
787 3851 854 3894 eum
887 3835 1055 3914 alloquitur,
1086 3839 1173 3914 eique
1194 3859 1297 3920 expro-

212 3938 288 4014 brat,
320 3937 398 4013 quod
424 3937 541 4013 patriae
569 3936 680 3996 bellum
711 3937 751 3997 sit
775 3937 920 4015 illaturus,
942 3954 1002 3996 non
1024 3941 1118 4017 eapio.
1160 3942 1298 4005 Cetemm

211 4058 273 4117 pro,
295 4038 321 4097 si
335 4039 366 4097 in
387 4044 485 4099 eastra
507 4039 645 4117 pervenit,
666 4039 825 4113 legendmn
847 4057 912 4099 esse
933 4039 991 4118 obt,
1012 4059 1099 4118 qoam
1126 4048 1297 4125 peruenerit,

211 4143 349 4205 Rinkesii
378 4161 469 4203 eausa
493 4147 608 4202 tantmn
639 4161 752 4220 moneo,
783 4144 831 4203 eui
849 4143 943 4203 bonae
961 4144 1104 4205 latinitati
1135 4147 1167 4205 in
1193 4150 1297 4224 primis

212 4267 331 4328 operam
359 4248 488 4309 dandam
516 4265 581 4309 esse
610 4266 724 4308 oenseo.
767 4247 882 4307 Deinde
903 4253 1082 4325 postremam
1102 4253 1209 4328 eapitis
1229 4271 1296 4330 par-

211 4358 272 4414 tem
296 4354 483 4430 aggreditur:
518 4353 666 4428 „Ultimae
694 4357 794 4418 tamen
819 4352 985 4415 sententiae
1007 4353 1150 4413 omoosodo
1171 4354 1204 4434 (i.
1226 4373 1295 4435 quo·
