3086 5192
769 431 809 487 to

240 596 383 662 pugnare,
403 601 499 660 neque
509 602 577 645 eum
586 601 661 645 sana
670 587 794 665 ratione,
816 586 869 648 sed
879 585 935 646 hoo
944 584 1091 646 inditore:
1112 587 1325 663 speculantem,

241 684 447 748 observantem
475 705 608 749 somnum
637 690 816 767 maritorum,
847 695 963 767 tempus
981 692 1216 766 exspeotantem,
1232 688 1326 748 donee

241 789 340 849 mariti
357 807 459 850 somno
476 794 566 869 sopiti
584 797 692 853 essent.
714 793 850 869 Denique
876 792 966 852 etiam
990 790 1047 850 hoo
1067 790 1140 851 dioit
1160 791 1211 849 R.:
1236 788 1327 866 ,quid

240 889 299 948 sibi
327 893 392 953 vult
411 894 464 952 illa
485 894 657 955 antithesis:
678 894 817 954 trasidiuri
837 913 895 953 nou
917 893 1009 953 solum
1029 910 1125 952 somno
1145 891 1326 969 moritorum,

241 1010 339 1051 aarum
371 994 457 1055 etium
486 995 566 1057 bouis
586 998 792 1057 otiosorum.''?
814 996 940 1059 Omnino
960 996 1095 1057 videmus
1116 996 1242 1055 similem
1259 1011 1327 1054 esse

242 1096 320 1158 hane
341 1099 503 1161 antithesin
523 1102 726 1180 praecedenti:
747 1120 804 1162 ooo
821 1103 903 1162 modo
924 1101 963 1162 ad
984 1099 1170 1161 obsidendum
1187 1106 1328 1177 stuprum,

242 1202 444 1263 verumetiam
461 1204 500 1264 od
520 1204 637 1279 suetum
658 1205 826 1284 admodum,
847 1205 954 1282 quibus
972 1203 1047 1265 haee
1057 1203 1245 1281 respondent
1265 1201 1327 1262 Sed

243 1303 322 1379 quod
342 1304 458 1366 facinus
479 1306 625 1369 iudioetur
644 1308 744 1370 verbis
763 1308 842 1367 bottis
860 1307 1021 1385 otiosorum,
1041 1307 1092 1366 vel
1109 1305 1188 1381 quod
1197 1304 1327 1381 optimae

244 1406 390 1468 editiones
406 1408 527 1489 habent,
548 1410 712 1490 sectamura,
733 1429 771 1471 ne
792 1415 860 1489 post
881 1408 1032 1471 Schuetzii
1054 1408 1173 1484 quidem
1184 1407 1326 1483 interpre-

244 1512 401 1573 tationem:
434 1515 590 1588 ,Refertur
606 1515 645 1576 ad
662 1516 768 1577 caedes
792 1519 923 1593 tempore
947 1513 1168 1592 proseriptionis
1186 1511 1329 1575 Sullanae

245 1632 265 1675 a
283 1614 414 1676 catilina
433 1616 557 1697 faotas,'’
577 1621 667 1697 plane
684 1638 731 1680 me
749 1620 916 1694 intelligere
936 1617 1040 1679 fateor.
1081 1617 1186 1693 Neque
1203 1615 1329 1675 obhane

244 1718 443 1792 ignorantiam
460 1725 561 1782 tamen
588 1721 714 1783 audeam
735 1723 830 1783 locum
862 1723 994 1800 spurium
1011 1713 1150 1797 iudicare,
1172 1719 1256 1779 ouius
1283 1735 1328 1779 re·

244 1820 456 1899 liquaepartes
477 1823 552 1884 bene
570 1824 687 1903 aedunt,
708 1824 983 1903 quumpraesertim
1004 1824 1036 1883 in
1052 1822 1109 1882 hoo
1132 1823 1198 1899 ipso
1215 1819 1329 1895 aliquid

246 1924 340 1984 latere
364 1927 459 2002 possit
485 1927 571 1987 nobis
598 1928 788 2006 ineognitum,
819 1928 897 2002 quod
924 1926 1074 1989 auditores
1094 1930 1195 1986 tamen
1219 1922 1329 2001 optime

247 2029 455 2104 intelligerent.

285 2238 457 2316 potientium
485 2239 583 2318 famia,
605 2240 736 2317 stiparis,
756 2239 871 2316 irruptae
892 2257 989 2298 rerum
1006 2237 1140 2297 optutum.
1181 2237 1245 2297 Hoo
1265 2237 1331 2295 erat

250 2363 287 2404 ex
301 2346 348 2423 iis,
360 2362 437 2419 quae
452 2345 587 2421 quomodo
598 2345 770 2405 cohoereout
790 2363 847 2404 unu
865 2343 1050 2422 perspiritum
1067 2360 1126 2403 aare
1146 2340 1269 2401 dixitR.
1291 2336 1331 2397 ad

249 2447 367 2509 initium
383 2446 472 2508 huius
489 2448 606 2525 oapitisr
649 2447 775 2523 „Scribit
792 2448 870 2507 enim
887 2445 1046 2507 Catilinam
1067 2445 1151 2505 brevi
1168 2441 1331 2505 confectum

249 2548 311 2610 fore
331 2550 478 2627 patientia
498 2550 624 2628 frigoris,
652 2550 748 2628 famis,
770 2550 888 2627 inopiae
909 2567 1006 2609 rerum
1024 2547 1181 2609 omnium.''
1202 2543 1331 2609 Perinde

251 2657 298 2711 est
323 2670 358 2711 ao
389 2653 415 2711 si
444 2653 510 2727 quis
542 2653 619 2712 ultro
651 2653 761 2712 clausis
792 2653 884 2711 oeulis
905 2656 1053 2729 queratur,
1075 2668 1107 2711 se
1125 2649 1201 2709 nihil
1221 2649 1331 2709 videre.

250 2753 364 2813 Eodem
374 2753 522 2813 modoubi
539 2773 568 2813 v.
587 2772 612 2813 o.
633 2754 794 2829 legeretur:
813 2772 908 2831 poeno
928 2753 1075 2832 scalmum,
1097 2771 1169 2832 quoe
1186 2752 1333 2831 quirem

251 2856 338 2935 misit,
370 2857 544 2918 calumniari
573 2875 686 2937 posses,
704 2842 770 2918 ¹hoo
800 2858 876 2921 nihil
893 2875 972 2936 esse3
994 2857 1082 2918 sembi
1100 2858 1192 2916 enim:
1210 2871 1336 2931 poenam

252 2962 392 3022 scelerum
419 2963 548 3039 aliquem
578 2964 770 3024 commisisse.
810 2963 889 3023 Nam
920 2964 984 3021 sola
1011 2959 1208 3037 imprudentia
1232 2958 1271 3016 ab
1299 2975 1336 3018 eo

252 3075 406 3148 pennatum
427 3087 502 3148 esso,
522 3071 575 3129 vix
595 3069 668 3131 mihi
684 3067 857 3146 persuadeo,
878 3084 968 3141 quum
989 3069 1019 3125 et
1039 3081 1092 3141 per
1109 3081 1141 3123 so
1161 3062 1277 3137 liquida
1287 3079 1336 3124 ros

252 3171 398 3250 videatur,
431 3176 461 3231 et
481 3172 634 3235 Manutius
651 3172 683 3235 iu
700 3168 908 3231 commentario
928 3185 983 3227 suo
1002 3167 1112 3229 diserte
1129 3184 1212 3244 pron.
1234 3165 1336 3245 quitus

252 3274 362 3337 referat
385 3275 425 3334 ad
442 3273 558 3354 somaro,
589 3273 696 3352 srtpos,
726 3271 855 3348 inopiam
881 3288 978 3331 rerum
1006 3269 1150 3331 omnium:
1171 3287 1209 3330 ue
1230 3268 1336 3347 diuam,

253 3380 332 3456 quod
359 3376 535 3440 Rinkesium
562 3378 664 3453 fugere
696 3377 815 3454 quidem
842 3395 901 3438 non
932 3378 1036 3455 potuit,
1067 3376 1094 3436 si
1112 3375 1150 3435 ad
1166 3374 1337 3452 patientium

254 3480 590 3561 pronomenreferretur,
611 3498 670 3541 non
688 3479 797 3558 quitus,
819 3480 873 3539 sed
893 3497 950 3558 qam
971 3478 1127 3541 dioendum
1147 3478 1249 3541 finisse.
1289 3478 1338 3541 Ab

255 3587 351 3649 altera
377 3591 462 3665 Parte
490 3584 626 3649 Bootium
641 3600 764 3661 peceare
781 3582 878 3661 video,
899 3583 950 3658 qui
971 3587 1087 3643 tantum
1107 3582 1201 3661 abest,
1221 3587 1255 3643 ut
1272 3598 1337 3643 oum

254 3690 399 3753 Rinkesio
430 3689 469 3749 ad
500 3695 592 3751 totam
617 3689 794 3749 sententiam
824 3706 984 3764 pronomen
1011 3686 1113 3749 referri
1132 3691 1226 3765 putet,
1245 3690 1279 3752 ut
1299 3684 1338 3751 ad

255 3798 405 3871 postrema
435 3797 552 3855 tantum
574 3793 675 3867 verba,
696 3809 794 3853 remma
811 3791 937 3853 omuitrm
957 3792 1037 3853 dieat
1057 3791 1213 3869 pertinere,
1234 3791 1277 3853 ita
1294 3790 1338 3853 in·

255 3899 437 3972 terpretans:
467 3896 527 3969 ,Ut
544 3895 653 3971 aliquis
671 3902 772 3974 uelata,
793 3894 898 3973 morbo,
919 3892 1085 3957 minatum
1102 3895 1247 3972 consertus
1266 3894 1338 3955 dioi-

257 4004 315 4079 tur,
347 3999 390 4063 sie
421 3998 505 4058 redas
537 3999 598 4058 suis
616 4000 761 4076 consuetur
780 4001 807 4060 is
825 4006 880 4078 est,
900 4000 952 4077 qui
972 4005 1065 4063 totam
1085 4018 1147 4061 rem
1163 4000 1339 4063 familiarem

257 4103 416 4182 perdidit.”
428 4103 521 4165 Vides
532 4107 673 4180 quantam
683 4103 744 4165 vim
760 4103 859 4163 verbis
869 4102 973 4182 faeiat3
985 4122 1054 4167 nam
1064 4108 1098 4165 ut
1108 4105 1165 4165 sibi
1182 4107 1339 4181 constaret,

257 4206 414 4269 dicendum
439 4212 503 4269 erat
534 4206 617 4268 reios
650 4205 779 4267 amatim
807 4206 960 4285 confectus,
981 4206 1059 4284 quud
1079 4205 1154 4267 nihil
1172 4206 1340 4282 signifioare

258 4313 388 4372 sentiens
421 4312 477 4372 sibi
510 4312 573 4389 ipse
606 4313 768 4376 contrarius
800 4329 958 4390 pronomen
991 4311 1029 4371 ad
1050 4313 1144 4373 solum
1165 4312 1340 4377 venabulum
