3086 5192
746 461 785 522 53

226 621 289 680 mul
320 626 407 698 alque
436 620 560 699 adsedit,
592 638 693 680 omnes
718 622 769 697 qui
789 621 915 698 proximi
936 624 1020 680 erant
1040 625 1181 697 tanquam
1201 623 1316 697 pestem

229 740 296 783 eum
313 725 443 784 vitantes
464 725 553 784 istam
570 730 686 802 partem
697 724 903 784 subselliorum
921 724 1030 784 nudam
1042 729 1131 801 atque
1142 725 1261 784 inanem
1271 742 1315 783 re-

228 827 392 903 liquerunt:
421 846 498 905 quae
526 829 624 888 omnia
652 829 732 888 facta
749 834 818 889 sunt
849 834 919 888 ante
933 846 1022 904 quam
1039 829 1149 889 Oonsul
1165 831 1257 889 verba
1274 828 1317 889 fe·

228 929 277 1007 cit,
308 948 364 990 nec
396 930 557 1006 quidquam
584 930 677 1005 igitur
708 931 747 989 ad
767 931 845 990 hunc
855 932 952 991 locum
969 932 1127 1009 pertinent.
1148 933 1236 992 Nunc
1246 948 1317 992 vero

228 1048 318 1107 quum
340 1050 358 1090 a
378 1032 517 1091 Consulis
538 1032 647 1092 iudicio
666 1032 705 1091 ad
731 1034 937 1093 auctoritatem
958 1033 1087 1094 Senatus
1105 1035 1191 1109 quasi
1212 1051 1316 1112 provo-

229 1138 328 1193 casset
355 1133 494 1211 Catilina,
526 1138 683 1211 postquam
704 1134 806 1194 (licero
824 1136 927 1196 eodem
944 1137 1007 1196 fere
1024 1137 1158 1216 artificio,
1179 1155 1237 1214 quo
1259 1139 1316 1197 De·

230 1237 398 1297 mosthenes
424 1240 455 1296 in
484 1236 606 1314 Olynth.
638 1240 669 1299 I:
692 1247 722 1298 τί
749 1237 810 1317 οὖν,
832 1245 869 1300 σύ
889 1245 1009 1319 γράφεις
1028 1241 1110 1300 ταῦτ’
1136 1240 1213 1300 εἶναι
1232 1267 1318 1320 στρα-

230 1345 363 1407 τιωτικός
384 1345 436 1399 Md
449 1340 499 1398 Δι’
511 1344 565 1399 οὐκ
583 1345 675 1420 ἔγωγε,
697 1342 734 1400 de
756 1342 861 1401 exsilio
883 1343 1045 1419 quidemse
1066 1343 1174 1404 referre
1192 1361 1315 1422 negans,

229 1448 351 1504 senatus
368 1449 468 1505 tamen
489 1445 668 1504 sententiam
688 1447 814 1524 rogavit,
836 1464 937 1506 omnes
955 1451 1107 1507 senatores
1128 1449 1247 1508 silentio
1265 1465 1318 1508 suo

229 1546 367 1607 Consulis
398 1549 539 1608 iudicium
571 1548 770 1627 comprobant,
792 1555 822 1610 et
849 1550 994 1610 inviolata
1014 1551 1080 1625 lege
1098 1551 1182 1613 taciti
1203 1553 1319 1629 patriae

232 1649 411 1726 proditorem
429 1651 529 1710 exsilii
548 1650 756 1711 condemnant.

271 1860 362 1938 §2L
397 1860 461 1919 Vim
493 1867 519 1920 ct
540 1879 653 1921 αααααα.
694 1863 778 1923 Haec
796 1864 941 1924 vocabula
957 1867 1037 1924 recte
1059 1863 1199 1938 coniungi
1217 1867 1319 1923 contra

229 1961 366 2023 Rinkesii
387 1963 602 2024 dubitationem
616 1964 748 2025 defendit
769 1965 804 2022 B.
826 1965 882 2025 Est
896 1970 996 2027 autem
1017 1963 1318 2041 hendiadysrcspou·

230 2066 303 2127 (lens
324 2083 445 2141 graeco:
463 2076 587 2145 Βαρεῖαα
605 2080 707 2145 χεῖρες.

270 2290 357 2351 quum
385 2279 487 2351 taceat,
513 2274 649 2333 clamant.
693 2275 825 2347 „insulsa
848 2280 878 2334 et
908 2275 1034 2335 ridicula
1054 2275 1209 2355 appositio,
1230 2291 1319 2351 quam

230 2375 340 2437 frustra
367 2376 538 2455 defendunt,
565 2378 617 2453 qui
644 2394 814 2454 comparare
839 2375 942 2438 iubent
966 2377 1028 2437 Cic.
1057 2379 1157 2438 Divin.
1179 2378 1210 2435 in
1231 2375 1318 2437 Caee.

231 2485 259 2560 6,
281 2482 302 2559 ξ
325 2486 380 2541 21:
410 2501 462 2541 cur
492 2482 595 2561 nolint,
619 2481 732 2543 etiamst
754 2487 875 2560 taceant,
897 2481 968 2541 sotio
983 2481 1090 2542 dicuat.
1136 2482 1241 2540 Veram
1261 2498 1319 2540 ααα

235 2585 347 2643 tocoot''
380 2589 436 2645 cet.
468 2586 505 2644 R.
526 2584 628 2646 -At
656 2585 729 2644 dicit
749 2589 849 2645 tamen
869 2583 981 2662 Cicero,
1010 2602 1056 2642 cos
1087 2583 1206 2642 toccrzdo
1226 2564 1320 2642 dtcerc

229 2705 321 2765 posse,
353 2705 449 2763 neque
477 2688 521 2746 ita
549 2687 658 2747 frustra
679 2687 754 2746 illud
768 2704 937 2764 comparare
960 2686 1079 2746 videtur
1096 2685 1262 2764 Asconius3
1282 2682 1318 2744 cf.

232 2789 347 2865 quae&
370 2791 418 2847 18.
440 2789 568 2847 diximus
586 2789 625 2847 ad
645 2790 737 2849 verba
762 2789 851 2848 tacito
873 2789 1006 2866 loquitur.
1048 2788 1098 2848 Sic
1118 2806 1171 2865 pro
1196 2786 1316 2861 Quinot.

233 2891 279 2969 15,
302 2891 359 2949 50:
382 2889 467 2948 tacita
488 2889 648 2967 concedere,
670 2890 710 2948 ad
732 2889 795 2949 Att.
810 2893 839 2967 4,
861 2892 916 2948 16:
939 2890 1057 2949 tacitum
1078 2889 1225 2968 αἀιίἰααααα,
1246 2890 1316 2949 alia.

233 2992 367 3053 Clamore
387 2997 487 3052 autem
508 2992 628 3071 saepius
649 2991 824 3070 offirotoadt
841 2990 1086 3065 significationem
1106 2991 1216 3051 habere
1236 2991 1318 3051 vidc-

231 3113 313 3156 mus:
346 3093 383 3155 of.
409 3094 471 3154 (iic.
502 3094 540 3154 de
575 3095 642 3154 uin.
673 3095 698 3172 Ι,
720 3094 768 3153 57.
789 3094 830 3165 ΙΙ,
851 3093 900 3152 65.
928 3110 981 3170 pro
1005 3093 1129 3153 Murena
1151 3093 1171 3171 ξ
1196 3095 1243 3152 78.
1264 3111 1317 3171 pro

232 3198 421 3272 Quinctssl.
443 3198 504 3258 alii.
522 3199 562 3258 ut
582 3199 709 3274 legimus
726 3196 835 3258 Oatrdl.
863 3198 918 3275 VI,
940 3201 973 3257 7:
1002 3198 1224 3274 „Nequidquam
1248 3197 1317 3257 toci·

232 3308 292 3360 tom
312 3302 409 3362 cubile
424 3301 558 3362 clamat.”
756 3300 760 3303 ’

271 3528 393 3589 quorum
410 3510 635 3571 rimamarum
656 3518 697 3571 cst
717 3512 849 3571 uidelicet
870 3529 948 3590 coro,
970 3512 1030 3570 cito
1046 3510 1196 3571 citissimo.
1240 3510 1317 3590 „Op-

232 3615 408 3692 positionem
425 3615 638 3674 adiectivorum
652 3614 719 3673 citis
740 3620 770 3675 et
788 3632 874 3673 corus
898 3617 998 3674 noster
1011 3614 1100 3675 debet
1112 3615 1247 3674 Ciceroni
1268 3633 1321 3692 pro

232 3717 342 3776 Flacco
360 3718 408 3793 51,
430 3718 450 3793 ὅ
485 3717 574 3775 103.”
596 3718 633 3775 R.
655 3714 810 3788 -Quasi
832 3733 891 3774 non
912 3717 1023 3774 tirones
1034 3716 1125 3775 etiam
1141 3718 1237 3777 sciant
1246 3716 1321 3778 haec

234 3819 382 3879 adieetiva
403 3819 460 3878 sibi
477 3821 585 3896 opponi
606 3820 710 3879 solere.
732 3817 819 3892 Quod
831 3823 931 3880 autern
947 3823 1074 3898 veretur,
1095 3826 1127 3878 at
1151 3820 1321 3880 adiectivum

235 3940 321 3983 curuo
350 3922 515 3981 auctoritati
547 3923 702 4001 conveniat,
723 3923 779 3983 hoc
806 3924 975 4000 scrupulum
1004 3924 1032 3984 ei
1054 3925 1185 3984 eximere
1201 3943 1322 4002 possmn

235 4027 294 4085 alio
306 4026 367 4085 Cic.
378 4025 452 4103 loco,
463 4024 501 4084 de
526 4022 609 4084 Orat.
630 4026 655 4103 Ι,
680 4027 733 4085 19:
764 4042 904 4101 „quorum
925 4025 1020 4100 gloria
1039 4027 1124 4086 nobis
1142 4031 1173 4085 et
1189 4027 1321 4100 dignitas

234 4146 305 4189 curo
325 4128 400 4206 est,''
423 4133 453 4188 et
471 4127 514 4187 sic
529 4145 629 4205 saepe.
671 4127 787 4188 Dicitur
806 4132 905 4187 autem
928 4126 1060 4187 corcodc
1072 4125 1201 4204 eoquod
1222 4127 1322 4202 αιαααα·

234 4231 369 4309 facimus,
390 4236 424 4289 ut
443 4229 519 4308 citio,
541 4230 621 4306 quod
633 4229 719 4307 porci
736 4229 860 4291 ducitur.
903 4230 1006 4305 Fingit
1027 4230 1119 4305 igitur
1135 4228 1265 4289 Catilina
1288 4247 1320 4288 se

239 4335 313 4394 tanti
349 4333 445 4409 [ccccc
474 4338 596 4394 senatus
629 4334 842 4412 auctoritatem,
873 4338 906 4394 ut
939 4333 1083 4409 quidquid
1108 4332 1271 4393 decreverit
1292 4349 1325 4391 se
