3086 5192
783 480 822 540 68

263 636 398 698 Bootium
432 636 614 699 subscribere
642 638 736 718 doleo,
768 642 819 717 qui
843 642 875 699 in
906 655 965 698 uno
995 642 1095 696 tamen
1126 636 1214 710 longe
1241 633 1279 693 ab
1310 650 1345 692 eo

262 759 295 802 se
327 741 484 802 dissentire
515 741 588 804 dicit
610 747 640 804 et
670 743 762 803 verba
790 744 838 821 qai
863 743 1000 818 sacratur
1026 742 1136 818 optime
1154 739 1287 800 vindicat
1307 737 1346 797 ab

262 844 364 905 odiosa
385 845 522 905 Rinkesii
543 845 719 923 suspicione.
760 844 821 905 Sed
840 844 985 905 immerito
1003 844 1041 903 ab
1057 842 1160 904 eodem
1176 841 1251 902 haee
1271 841 1346 902 vitio

262 945 370 1007 dantur
386 947 507 1007 oratori:
551 947 602 1021 „si
622 947 725 1008 Oieero
746 947 783 1008 de
804 947 868 1009 vita
885 947 1033 1008 Catilinae
1054 945 1167 1022 aliquid
1187 944 1345 1005 dicendum

262 1049 320 1110 sibi
336 1053 482 1129 putasset,
502 1055 532 1110 et
552 1050 612 1109 alio
632 1051 696 1110 loeo
712 1049 834 1111 fecisset
858 1055 888 1111 et
905 1052 992 1128 plura
1005 1049 1200 1125 gravioraque
1221 1048 1346 1108 crimina

193 1217 195 1222 ,
262 1155 293 1213 in
315 1172 382 1214 eum
400 1154 580 1233 contulisset,
601 1159 632 1214 et
652 1155 744 1215 latine
759 1156 874 1216 loeutus
894 1154 1028 1214 fuisset.’'
1069 1155 1148 1214 Nam
1165 1158 1196 1214 et
1213 1152 1273 1212 olio
1286 1153 1345 1213 loco

258 1258 349 1336 pluro
377 1266 403 1316 et
436 1259 571 1335 monimo
595 1259 720 1319 edomas
746 1260 778 1319 in
808 1259 969 1328 Catilinam
992 1260 1129 1338 eontulit,
1149 1259 1218 1319 vide
1239 1277 1263 1318 c.
1290 1259 1345 1338 VI,

262 1380 358 1439 neque
377 1362 427 1424 hic
448 1362 485 1423 de
503 1362 650 1424 industria
670 1364 702 1424 in
722 1365 787 1425 eius
803 1365 896 1425 vitam
917 1362 1084 1442 invehitur3
1106 1363 1159 1424 sed
1180 1369 1213 1423 ut
1222 1363 1345 1442 passim,

260 1466 428 1544 ubicunque
449 1467 565 1528 occasio
582 1486 614 1528 se
633 1469 726 1547 offert,
748 1469 812 1530 eius
839 1469 990 1544 ingenium
1002 1484 1155 1544 moresque
1176 1471 1279 1528 notare
1296 1484 1343 1527 so·

260 1572 312 1650 let,
343 1570 437 1631 sich.
469 1572 490 1631 l.
511 1571 549 1633 de
570 1573 635 1633 eius
650 1573 682 1632 in
702 1578 801 1634 castra
821 1571 1025 1651 proficiscendi
1046 1571 1169 1631 consilio
1189 1588 1292 1650 agens,
1313 1575 1344 1630 et

261 1675 328 1754 ipsa
355 1681 454 1737 eastra
484 1677 685 1755 sociorumque
709 1694 829 1737 manum
846 1677 878 1737 in
895 1679 1073 1737 contemtum
1087 1674 1245 1752 odiumque
1260 1673 1344 1733 audi-

260 1782 356 1838 torum
377 1777 523 1838 adducere
554 1778 672 1858 studet,
703 1797 758 1839 nec
790 1780 887 1857 ipsum
914 1779 1074 1840 Catilinam
1104 1778 1203 1838 denuo
1222 1795 1343 1856 carpere

261 1880 380 1958 omittit,
408 1879 524 1955 flagitia
554 1880 618 1941 eius
636 1887 666 1941 et
683 1880 815 1942 facinora
833 1882 930 1942 iocose
940 1881 1030 1942 huius
1047 1882 1128 1941 vitae
1148 1882 1265 1956 generis
1282 1898 1342 1940 me·

261 1983 420 2044 ditationes
451 1983 614 2061 appellans.
656 1985 735 2045 Tum
762 1984 841 2062 quod
869 1990 971 2045 eontra
987 2002 1073 2045 usum
1093 1985 1180 2045 latini
1201 1983 1344 2044 sermonis

261 2087 394 2165 dicatur,
425 2087 644 2166 deprehendere
665 2088 849 2149 adhuenihil
865 2089 958 2167 potui.
979 2091 1043 2149 lam
1061 2089 1098 2149 de
1119 2089 1224 2149 ceteris
1241 2087 1343 2148 videa·

260 2210 336 2271 mua,
356 2193 387 2252 in
408 2192 515 2269 quibus
534 2194 679 2272 Rodium,
700 2195 752 2271 qui
768 2200 922 2272 praeterea
933 2212 1005 2254 suae
1024 2194 1188 2255 sententiae
1198 2194 1345 2281 rationem

261 2313 319 2354 non
340 2294 447 2373 reddit,
468 2314 533 2356 eum
561 2297 708 2358 Rinkesio
727 2298 886 2359 consentiri
908 2299 1053 2376 suspicor.

302 2503 340 2562 ad
372 2502 556 2564 obsidendum
584 2511 723 2583 struprum.
757 2504 855 2580 „Quid
883 2511 929 2566 est
960 2512 1090 2583 stuprum
1108 2506 1243 2584 obsidere,
1264 2505 1342 2581 quod

260 2607 382 2667 verbum
413 2607 451 2667 de
469 2626 505 2668 ea
525 2626 566 2686 re,
587 2625 676 2683 quam
693 2625 809 2686 capere,
829 2626 1000 2686 expugnare
1021 2609 1155 2686 cupimus
1175 2611 1342 2686 usurpatur,

260 2728 319 2770 non
341 2711 378 2771 de
399 2711 523 2789 stupro?
545 2712 582 2770 R.
603 2744 643 2753 —
664 2711 705 2771 At
732 2711 867 2772 videmus
894 2717 995 2772 tamen
1017 2711 1186 2789 speculandi
1204 2713 1293 2771 etiam
1311 2713 1343 2769 et

222 2864 223 2868 ,
260 2814 429 2874 obseruandi
456 2814 701 2891 significationem
729 2814 785 2876 hoe
811 2817 934 2876 verbum
961 2815 1072 2876 habere
1103 2820 1136 2876 ui
1153 2835 1179 2876 e.
1197 2833 1240 2890 gr.
1260 2813 1342 2873 Orat.

260 2938 315 2999 pro
331 2920 449 2999 Flacco,
470 2922 518 2999 24,
539 2921 591 2981 57:
615 2939 723 2997 „quum
744 2922 909 2999 speculetur
922 2926 1012 2997 atque
1033 2920 1140 2979 obsidet
1159 2919 1344 2978 Rostravin-

260 3025 319 3085 dex
350 3024 525 3085 temeritatis
556 3028 587 3085 et
606 3025 786 3085 moderatrix
806 3026 902 3102 officii,
923 3024 1033 3084 curia.''
1074 3024 1195 3082 Terent.
1213 3020 1344 3100 Adelph.

260 3128 316 3207 IV,
336 3131 364 3207 6,
386 3131 418 3187 6:
439 3128 518 3187 domi
546 3131 657 3186 eertum
675 3127 802 3186 obsidere
819 3131 865 3185 est
885 3142 978 3200 nsque
996 3125 1089 3185 donee
1109 3123 1259 3185 redierit.''
1280 3123 1343 3183 alii.

260 3231 310 3291 Sic
328 3236 457 3307 stuprum
475 3229 602 3289 obsidere
623 3235 670 3290 est
690 3229 784 3307 stupri
805 3228 988 3288 occasionem
1000 3228 1155 3306 speculari,
1177 3228 1343 3305 observare,

260 3336 442 3410 exspectare,
473 3332 566 3391 donee
596 3338 702 3409 parata
733 3331 773 3392 sit
794 3330 929 3410 moecha3
951 3332 1030 3407 quod
1047 3332 1111 3410 ipse
1133 3335 1230 3392 orator
1248 3331 1341 3408 expli-

259 3452 326 3497 care
343 3434 461 3495 videtur
481 3433 542 3493 illis
561 3434 674 3495 verbis:
696 3435 818 3512 vipilore
838 3435 1026 3495 insidiantem
1046 3453 1142 3495 sonmo
1163 3435 1341 3495 meritorum

301 3647 340 3706 od
371 3646 556 3707 obsidendum
584 3650 715 3723 stuprum
745 3679 785 3689 -
817 3644 856 3703 od
887 3643 1004 3720 sucinis
1035 3645 1202 3705 obeundum.
1245 3643 1343 3721 „Quid

261 3749 343 3810 aliud
361 3755 484 3829 apparet
505 3766 543 3808 ex
562 3747 611 3808 his
632 3749 739 3826 verbio,
761 3766 850 3824 quam
870 3746 939 3808 hoe:
962 3754 1092 3825 stuprum
1111 3748 1222 3810 rhetori
1242 3755 1342 3810 nostro

259 3869 318 3911 non
341 3852 437 3912 videri
461 3850 616 3926 facinus?''
651 3852 688 3910 R.
710 3885 750 3894 —-
770 3851 849 3926 Ergo
867 3851 912 3911 illi
930 3857 1061 3929 stuprum
1077 3851 1195 3928 focinus
1216 3870 1281 3914 esse
1298 3853 1341 3912 ui·

258 3953 366 4016 detur?
399 3951 552 4027 Quomodo
579 3953 669 4028 igitur
696 3953 763 4012 illos
791 3953 870 4012 locos
891 3954 1108 4032 interpretatur,
1129 3954 1181 4013 ubi
1198 3955 1342 4031 stupidum

260 4059 416 4138 opponitur
443 4056 578 4134 facinori,
599 4060 738 4133 utsupra
764 4056 783 4132 ξ
805 4058 851 4114 13.
871 4060 901 4115 et
920 4059 966 4115 18.
1009 4056 1129 4116 Sallust.
1147 4058 1181 4115 B.
1196 4056 1229 4117 O.
1248 4077 1273 4117 e.
1294 4061 1342 4116 14.

259 4166 290 4225 et
314 4162 426 4240 saepe?
460 4160 519 4220 Sed
543 4163 577 4220 ut
602 4160 692 4237 plane
714 4176 780 4218 enm
802 4160 982 4237 convincam,
1010 4178 1098 4235 quam
1130 4178 1268 4238 perverse
1286 4160 1342 4220 hoc

261 4273 360 4327 eontra
388 4282 470 4323 ossum
497 4262 634 4322 sermonis
667 4261 752 4321 latini
778 4262 888 4323 dictum
906 4262 1072 4340 contendat,
1093 4262 1154 4322 Cic.
1176 4264 1272 4323 locum
1290 4282 1342 4341 ap-

259 4388 375 4450 ponam,
408 4389 424 4430 e
456 4368 520 4430 Cat.
551 4369 622 4427 Mai.
655 4386 679 4427 c.
703 4372 750 4446 12,
771 4371 820 4428 40:
844 4370 983 4443 „Nullum
1004 4368 1132 4445 denique
1150 4371 1256 4451 scelus,
1276 4371 1343 4431 nul-
