3086 5192
762 480 800 537 35

242 641 288 701 illi
314 641 439 702 fortasse
469 636 672 699 minitantur.''
705 640 736 698 iu
768 640 852 699 Verr.
884 638 941 716 Ill,
973 638 1089 715 §1202
1114 631 1244 711 „Eadem
1264 636 1323 697 sibi

242 766 330 809 manu
360 748 453 807 vitam
485 746 669 823 exhausisse,
701 761 761 820 qua
791 750 910 804 cccrum
938 760 1028 822 saepe
1045 742 1180 803 hostibus
1200 742 1322 804 obtulis-

243 853 317 913 set.''
349 851 420 911 ibid.
447 852 561 929 §129z
583 867 741 925 „quaerere
763 856 852 908 morte
870 853 900 909 et
917 847 1077 925 suspendio
1096 847 1258 908 remedium
1279 848 1323 907 in·

242 958 337 1018 iuriae
368 955 469 1016 suae.''
511 955 561 1014 Sic
587 961 706 1013 mortem
727 953 782 1012 sibi
799 954 979 1031 consciscere,
998 953 1059 1011 alia
1079 952 1232 1011 eiusmodi.
1259 953 1325 1011 Iam

242 1078 313 1120 uero
337 1059 367 1119 h.
389 1061 408 1117 l.
427 1062 575 1118 auctorem
596 1057 690 1116 latere
711 1057 742 1114 in
763 1056 854 1115 verbo
874 1055 1086 1134 vacuefecisses,
1114 1056 1181 1131 quis
1205 1072 1263 1114 non
1280 1056 1324 1114 vi·

243 1164 317 1224 det?
350 1165 401 1238 qui
429 1163 508 1221 enim
538 1165 631 1220 morte
662 1160 763 1219 uxoris
794 1160 911 1219 domum
930 1159 1103 1237 vacuefecit,
1134 1160 1161 1218 is
1189 1178 1255 1219 eam
1276 1178 1325 1219 ne·

244 1268 357 1329 caverit
380 1284 501 1328 necesse
537 1271 597 1325 est:
632 1266 744 1340 alioqui
776 1263 932 1324 dicendum
950 1268 1023 1343 erat,
1044 1282 1131 1342 mum
1151 1265 1251 1323 domus
1278 1281 1325 1324 ou-

246 1370 378 1446 cuefoctu
399 1376 470 1428 esset
497 1370 546 1429 vel
566 1373 681 1427 vocaret
701 1367 787 1426 novis
807 1367 929 1445 nuptiis.
961 1365 1048 1440 Quod
1059 1366 1200 1426 indicium
1221 1368 1326 1427 mirum

245 1482 389 1554 quantum
406 1478 539 1552 augetur,
560 1491 650 1549 quum
674 1478 772 1532 orator
792 1474 893 1533 statim
914 1471 1038 1533 eandem
1059 1490 1121 1532 rem
1131 1472 1264 1550 appellet
1274 1472 1326 1531 hoc

245 1576 347 1636 scelus.
387 1578 434 1636 De
450 1593 547 1637 errore
567 1576 716 1650 historico,
737 1592 825 1650 quem
842 1576 879 1634 R.
901 1576 1010 1635 oratori
1030 1575 1141 1652 obiicit,
1161 1575 1230 1636 vide
1248 1592 1325 1650 quse

246 1682 380 1761 disputat
398 1682 433 1740 B.
1005 1670 1016 1677 ’

287 1890 326 1949 od
339 1889 483 1965 priuatam
493 1884 832 1965 primorempriniorem.
856 1893 943 1964 ,Non
953 1891 1012 1950 dici
1022 1892 1078 1951 hoc
1089 1896 1187 1969 potest
1196 1892 1234 1952 de
1245 1894 1327 1967 igno-

246 1995 347 2072 minia,
364 2011 441 2070 quae
469 1994 600 2054 nascitur
627 2012 665 2054 ex
696 1995 759 2053 rita
775 1995 922 2071 privata.’'
944 1996 980 2054 R.
1001 2028 1042 2038 -—
1062 1997 1127 2056 Hoc
1140 2013 1207 2057 cum
1224 1997 1329 2056 Bootio

246 2099 335 2159 facile
356 2099 385 2157 ei
405 2097 546 2176 conced03
569 2097 622 2157 sed
643 2097 786 2158 eiusmodi
804 2097 876 2174 quid
896 2099 994 2159 dicere
1006 2105 1103 2160 orator
1113 2101 1186 2160 mihi
1197 2101 1328 2162 uidetur:

248 2202 364 2263 adeam
384 2202 583 2281 ignominiam,
604 2220 681 2278 quae
702 2207 766 2263 orta
784 2206 830 2261 esi
847 2203 963 2262 avitiis
984 2205 1044 2264 tuIs
1065 2206 1105 2263 ad
1118 2207 1265 2283 privatam
1286 2209 1329 2267 vi-

247 2312 310 2367 tam
322 2305 548 2388 pertinentibus.
588 2304 784 2383 Opponuntur
815 2307 894 2365 enim
911 2306 986 2367 haec
1004 2310 1211 2389 sequentibus,
1235 2328 1329 2387 ,quae

248 2409 288 2470 ad
315 2424 458 2469 summam
486 2426 548 2468 rem
578 2408 728 2485 publicam
759 2416 848 2484 atque
877 2409 915 2467 ad
936 2412 1065 2470 omnium
1087 2417 1218 2473 nostram
1238 2414 1330 2475 vitam

248 2514 433 2588 suluismque
454 2510 631 2590 pertinent.''

290 2721 311 2797 ἓ
335 2720 382 2778 15.
405 2716 490 2777 leuius
512 2714 583 2777 coeti
604 2719 733 2795 spiritus.
757 2714 943 2794 ,Absurdum
965 2726 1019 2802 est,
1040 2738 1109 2783 nam
1127 2726 1331 2788 coelumcerte

250 2821 387 2898 spiritum
407 2836 466 2878 non
494 2818 613 2878 habet.'’
634 2821 671 2878 R.
693 2821 866 2881 —Eodem
899 2825 962 2884 iure
991 2827 1058 2900 quis
1089 2827 1178 2907 dicat,
1200 2848 1264 2906 spes
1284 2848 1330 2890 sc·

251 2923 329 3001 lutis,
361 2920 481 3015 scientio
512 2921 596 2999 turm,
627 2920 753 2980 studium
786 2922 945 3004 literarum,
973 2928 1082 2988 similia
1102 2931 1231 2992 absurde
1251 2935 1331 2994 dicta

249 3045 324 3107 esse,
356 3027 428 3102 quia
448 3025 529 3085 sulus
549 3031 629 3086 certe
647 3044 726 3103 spem
745 3044 804 3087 uon
822 3028 941 3108 habeat,
962 3049 1017 3091 nee
1037 3032 1083 3092 ius
1101 3035 1258 3116 amotione,
1276 3058 1332 3101 uec

252 3132 353 3192 literae
373 3130 492 3206 quidem
507 3130 650 3190 studeant.
693 3132 754 3191 Vix
775 3132 952 3194 credendum
973 3140 1019 3196 esi
1039 3138 1113 3198 adeo
1134 3139 1246 3202 insulse
1256 3143 1331 3206 haec

250 3237 290 3296 ab
322 3254 357 3296 eo
388 3236 448 3295 dici
465 3237 606 3314 potuisse,
628 3237 679 3312 qui
699 3238 800 3314 paullo
821 3243 891 3299 ante
911 3240 955 3300 ita
976 3247 1022 3300 est
1039 3244 1167 3304 locutus:
1191 3249 1331 3325 ,spiritus

251 3341 332 3419 apud
358 3340 529 3401 Ciceronem
558 3346 603 3399 est
624 3340 755 3420 spiratio,
787 3339 950 3423 anhelitus3
982 3347 1061 3423 apud
1079 3364 1146 3407 eum
1163 3367 1192 3408 v.
1213 3369 1238 3410 o.
1256 3353 1329 3427 legi-

251 3448 313 3504 tur:
335 3447 394 3521 uir,
416 3459 498 3520 quem
519 3442 625 3518 spiritu
645 3442 794 3512 docimcs;
817 3449 869 3504 cer
889 3446 995 3523 spirito
1014 3448 1135 3509 ductcs''
1154 3457 1209 3513 cet.
1251 3456 1330 3530 Ergo

251 3565 311 3608 non
331 3547 480 3608 intellexit
503 3545 574 3605 coeli
591 3546 755 3621 genitivum
775 3548 912 3624 objectis.
924 3551 1013 3610 esse?
1036 3552 1085 3611 An
1095 3554 1212 3628 ignorat
1222 3558 1331 3619 coelrcrc

252 3669 342 3729 saepe
361 3669 415 3728 pro
438 3654 504 3708 cire
521 3649 603 3708 cisi?
625 3651 704 3723 quod
724 3667 741 3709 e
758 3652 893 3727 plurimis
910 3658 1010 3713 tamen
1026 3654 1177 3718 Ciceronis
1194 3661 1331 3723 aliorum·

254 3742 312 3828 que
339 3753 413 3811 locis
440 3751 555 3810 discere
586 3751 691 3827 potuit.
719 3751 755 3810 cf.
781 3751 1022 3834 deDiv.I,57,
1046 3760 1117 3818 130:
1141 3761 1332 3841 „Adspiratio

253 3854 324 3913 coeti
350 3854 451 3929 gravis
469 3857 500 3913 et
515 3853 688 3929 pestilens''.
709 3853 780 3912 ibid.
801 3851 841 3932 ΙΙ,
863 3855 883 3932 ξ
907 3858 959 3915 98:
982 3859 1036 3932 „In
1056 3878 1147 3938 puero
1174 3866 1283 3930 referre
1301 3872 1334 3930 in

253 3975 312 4035 qua
340 3956 493 4016 affectione
525 3954 595 4013 coeli
611 3957 737 4032 primum
758 3957 894 4035 spiritum
911 3958 1058 4021 duxerit.’'
1099 3961 1240 4037 Quinctil.
1258 3973 1332 4033 Inst.

254 4057 304 4119 Or.
322 4061 360 4139 X,
382 4063 410 4139 3,
432 4062 484 4118 22:
509 4058 664 4133 ,Libertas
692 4058 763 4118 coeli
790 4061 977 4138 locorumque
994 4066 1187 4127 amoenitaa.'’
1208 4069 1333 4143 Quoties

253 4164 380 4240 legimus
400 4181 429 4222 v.
451 4179 477 4222 c.
499 4162 608 4221 coelem
628 4179 772 4241 serenum,
792 4168 891 4242 tenue,
923 4166 1050 4245 salubre,
1070 4185 1170 4249 grave,
1191 4175 1334 4255 palustre,

253 4264 418 4345 hibernum,
449 4269 590 4326 sexcenta
617 4265 701 4325 alia?
732 4265 870 4327 Ceterum
900 4268 987 4328 onom
1015 4270 1047 4329 ic
1075 4272 1144 4332 urbe
1168 4275 1215 4336 his
1236 4280 1335 4340 verbis

257 4373 426 4451 significari,
455 4389 493 4432 ex
524 4371 633 4433 illustri
662 4369 812 4433 Ciceronis
839 4373 903 4435 loco
931 4374 1105 4438 Rinkesium
1131 4376 1235 4444 docere
1260 4386 1336 4463 volo,

1159 4484 1197 4541 3*
