3086 5192
748 460 787 517 38

227 617 391 695 comparari
414 616 492 678 inter
516 633 548 678 sc
565 615 646 676 haud
667 616 721 676 abs
742 634 774 677 re
788 615 850 676 lore
878 615 1011 693 arbitror,
1033 628 1212 691 quamquam
1232 627 1311 671 nune

227 736 275 780 me
295 736 354 779 non
374 724 471 780 vucat.
492 719 529 780 cf.
550 719 682 780 Boetius.

267 927 355 988 Nihil
365 929 534 1007 assequeris.
554 929 735 1005 ,Novissimi
746 929 874 991 editores
884 930 1127 1008 repudiaverunt:
1149 924 1311 1002 nibiluqis,

226 1028 306 1089 aitte
325 1029 447 1110 moliris,
468 1049 545 1107 quae
566 1049 604 1091 ex
623 1032 643 1109 ξ
659 1035 688 1091 8.
710 1032 768 1092 huc
788 1031 895 1110 pedem
909 1033 1046 1092 intulisse
1064 1028 1194 1090 dicunt.'’
1213 1030 1250 1088 R.
1271 1060 1311 1070 -

226 1135 294 1195 Etsi
321 1134 353 1195 in
373 1139 458 1196 textu
488 1137 648 1213 prudenter
674 1136 749 1196 haec
768 1138 860 1197 verba
891 1137 998 1215 emisit,
1018 1141 1119 1196 tamen
1139 1151 1176 1193 ea
1195 1131 1312 1193 deside·

227 1256 294 1299 rure
331 1238 456 1319 videtur,
488 1257 578 1315 quum
609 1241 700 1301 etiam
731 1241 784 1300 illa
813 1242 923 1302 Mureti
953 1241 1069 1301 laudet:
1103 1237 1234 1316 „assequi
1263 1240 1311 1296 est

227 1344 386 1423 ἐπιτυχεῖν,
417 1344 496 1419 quod
518 1346 608 1422 plane
636 1345 692 1405 hoc
715 1346 780 1405 loco
810 1363 869 1405 non
882 1346 1033 1424 convenit3
1055 1348 1101 1404 est
1117 1349 1217 1403 autem
1234 1338 1313 1399 nibil

229 1446 363 1526 sequeris,
391 1447 467 1507 nihil
487 1449 543 1509 tibi
560 1450 729 1528 proponis.''
771 1449 956 1527 Quandoque
977 1450 1072 1509 bonus
1092 1448 1231 1508 dormitat
1251 1446 1312 1505 Ho-

227 1552 339 1610 merus!
362 1568 539 1627 quamquam
560 1554 613 1612 vix
629 1553 772 1634 intelligo,
795 1554 846 1630 qui
867 1559 968 1614 tantus
984 1553 1031 1611 vir
1045 1551 1155 1612 additis
1172 1550 1233 1610 illis
1246 1565 1313 1609 ver-

228 1653 276 1712 bis
293 1653 368 1714 adeo
389 1672 421 1714 se
439 1654 537 1733 decipi
557 1673 665 1734 passus
687 1657 735 1735 sit,
756 1661 791 1717 ut
807 1657 839 1715 in
857 1656 1013 1715 ridiculum
1024 1672 1151 1714 errorem
1161 1651 1313 1729 incideret,

228 1774 325 1833 neque
353 1759 499 1818 assentior
525 1760 638 1838 Bootio,
659 1776 718 1818 oea
738 1758 930 1835 spernendam
949 1757 1042 1816 videri
1061 1755 1167 1815 Mureti
1181 1755 1312 1814 meredo-

230 1861 342 1941 tioreem,
360 1863 498 1941 qouosdia
518 1864 560 1922 sic
572 1863 721 1940 legeretur.
763 1864 874 1924 Videre
892 1864 971 1924 enirn
982 1864 1124 1923 debuerat
1144 1859 1313 1937 acutusvir,

229 1971 349 2044 propter
379 1967 535 2043 sequentia
559 1968 650 2028 verba
674 1968 773 2028 aliena
796 1969 855 2028 ista
886 1968 1088 2029 additamenta
1109 1967 1227 2025 omnino
1248 1979 1313 2024 esse

230 2068 385 2130 eiicienda.
436 2072 557 2131 Etenim
578 2090 638 2148 qua
654 2073 804 2133 sententia
823 2073 944 2133 tandem
961 2073 1014 2132 illa
1036 2073 1216 2132 dicerentur:
1237 2068 1312 2128 nihil

229 2174 350 2253 moliris,
371 2174 447 2234 nihil
461 2176 594 2251 sequeris
609 2177 628 2235 i.
651 2194 676 2237 e.
700 2176 752 2236 tibi
760 2175 912 2255 preponis3
934 2193 1031 2251 neque
1051 2172 1263 2235 tamencoaeri
1279 2187 1314 2230 uc

229 2277 302 2337 celte
332 2279 476 2340 desistis?
505 2277 586 2352 Quid
613 2296 683 2353 ergo
701 2284 820 2338 emautur
841 2297 877 2338 ac
892 2277 974 2337 vult?
995 2279 1109 2338 seilicet
1126 2273 1238 2353 aliquid
1258 2271 1314 2331 sibi

228 2399 390 2461 preponere
420 2386 450 2442 et
477 2381 592 2440 urstisii
621 2383 715 2441 Immo
737 2380 898 2459 assequeris
913 2380 1072 2456 legendum
1092 2384 1147 2458 est,
1168 2382 1198 2439 et
1222 2377 1313 2452 signi·

230 2484 329 2547 ficatio
346 2486 430 2547 verbi
451 2490 601 2559 ἐπιτυχεῖν
620 2487 706 2547 unice
726 2487 756 2545 h.
777 2486 798 2544 l.
820 2485 965 2546 convenit.
1006 2486 1088 2547 Dicit
1108 2485 1186 2546 enim
1204 2486 1313 2543 orator:

232 2589 369 2650 omnibus
388 2590 448 2649 tuis
466 2589 583 2648 insidiis
600 2590 852 2666 petitionibusque
869 2588 947 2648 stibii
964 2589 1132 2668 assequeris,
1153 2588 1229 2648 nihil
1248 2604 1314 2665 pro

232 2693 305 2777 ficis,
336 2710 432 2769 neque
456 2698 557 2753 tamen
589 2694 689 2753 emtori
717 2711 751 2752 ao
771 2692 844 2752 celle
866 2693 952 2773 (mihi
968 2694 1112 2772 insidiari,
1133 2712 1181 2754 me
1201 2691 1315 2772 petere)

231 2796 362 2857 desistis.
403 2798 471 2856 Non
492 2798 648 2876 displicere
661 2802 762 2860 tamen
782 2798 877 2859 fateor
897 2798 976 2876 quod
988 2799 1079 2860 habet
1089 2799 1244 2878 Matthiae,
1264 2798 1317 2876 qni

232 2903 349 2959 tantum
380 2917 553 2977 expungens
580 2901 658 2960 aelle
689 2901 802 2962 aeolicis
823 2907 922 2963 servat
942 2902 1020 2961 nibil
1051 2902 1123 2978 opis,
1144 2902 1222 2977 quod
1239 2902 1316 2959 eins-

235 3001 303 3061 dem
333 3000 395 3061 fere
427 3002 651 3077 significationis
680 3009 726 3066 est
753 3011 842 3081 atque
861 3004 1029 3081 assequeris,
1050 3008 1081 3062 et
1097 3003 1142 3061 sic
1162 3002 1317 3078 scripsisse

232 3102 404 3166 Ciceronem
436 3106 569 3183 arbitror,
600 3111 662 3165 tum
690 3106 768 3182 quod
788 3105 846 3164 duo
865 3105 955 3163 etiarn
975 3107 1146 3183 sequuntur,
1168 3104 1269 3164 scauri
1291 3112 1318 3165 et

232 3206 313 3286 celte,
344 3212 408 3266 tum
439 3209 517 3284 quod
548 3208 653 3266 melius
683 3207 726 3266 sic
756 3206 942 3285 intelligitur,
963 3207 1107 3283 quomodo
1127 3206 1186 3268 huc
1211 3209 1316 3287 ees.

232 3308 386 3369 transferri
409 3309 539 3385 potnerit
561 3308 664 3367 vocab.
692 3307 813 3388 ceoliris,
844 3308 983 3386 quoniam
1001 3314 1031 3370 et
1048 3310 1119 3389 illic,
1139 3327 1318 3390 quamquam

233 3415 294 3475 alia
314 3415 441 3493 notione,
462 3414 614 3492 praecedit
633 3413 711 3473 asibel
732 3415 804 3491 epis.

275 3625 296 3703 ξ
318 3628 365 3685 16.
387 3623 419 3682 ia
433 3623 564 3684 Consulis
584 3641 702 3702 corpore
722 3624 854 3703 defigere.
878 3624 1060 3700 ,Defigimus
1078 3626 1191 3703 aliquid
1211 3626 1255 3687 ita
1270 3626 1317 3686 fir·

236 3731 331 3808 miter,
362 3734 396 3790 ut
426 3728 575 3790 maneat.''
616 3730 653 3789 R.
674 3763 715 3774 -
735 3730 871 3789 Errorem
899 3730 1019 3806 egregie
1036 3729 1180 3791 indicavit
1199 3731 1243 3808 B,
1264 3745 1319 3790 nec

235 3850 311 3911 opus
332 3837 396 3890 erat
419 3832 580 3908 quidquam
604 3830 726 3910 addere;
758 3832 812 3892 sed
830 3832 914 3892 lubet
930 3832 1003 3891 mihi
1030 3833 1192 3911 explorare,
1213 3832 1320 3909 quibus

234 3931 386 3995 Ciceronis
403 3933 502 3993 verbis
522 3932 643 3993 tandem
663 3934 807 4011 impulsus
828 3935 871 3993 ita
890 3934 994 4011 lapsus
1016 3935 1064 3994 sit.
1104 3934 1224 3996 confert
1241 3934 1320 3999 enim

236 4056 290 4117 pro
321 4036 421 4096 Flacc.
454 4038 481 4114 1,
510 4038 545 4095 3:
579 4034 730 4110 „Salutem
760 4037 969 4114 praesentium,
991 4054 1073 4115 spem
1090 4039 1268 4116 reliquorum
1288 4040 1320 4099 in

239 4145 341 4201 vestra
370 4144 527 4218 potestate,
549 4137 581 4198 in
601 4139 709 4201 vestris
726 4140 890 4219 sententiis,
912 4141 943 4199 in
964 4141 1019 4200 hoc
1033 4158 1092 4202 uno
1112 4142 1221 4202 iudicio
1241 4142 1319 4218 posi·

236 4250 298 4305 tam
320 4248 351 4304 et
371 4244 498 4303 defixam
519 4242 659 4321 putetis,''
682 4242 823 4320 additque
844 4243 1058 4321 interpretandi
1079 4262 1182 4305 causa:
1204 4244 1223 4304 i.
1245 4263 1268 4303 e.
1289 4249 1321 4303 ut

237 4349 336 4410 diuelli
357 4349 394 4408 eb
413 4347 464 4407 lroc
482 4347 589 4407 iudicio
606 4366 663 4406 ooo
674 4354 766 4426 quenl.
788 4348 868 4422 Ergo
879 4350 977 4428 etiam,
998 4355 1030 4409 ret
1043 4353 1320 4429 coestrupotestote,
