3086 5192
740 458 777 514 51

218 619 296 677 enirn
317 618 357 695 id,
378 618 456 694 quod
476 618 558 676 nulla
579 617 645 691 lege
656 617 872 676 concederetur.
892 614 927 673 Si
938 613 1029 689 igitur
1046 616 1167 676 referret
1177 618 1297 696 Consul,

218 725 281 782 iure
311 720 569 799 reprehendendus
596 721 754 798 videretur,
783 720 861 796 quod
878 737 971 778 novas
987 720 1071 794 leges
1093 720 1299 800 introduceret,

215 843 305 903 quam
330 842 450 885 causam
480 824 599 898 egregie
633 825 690 884 iste
724 840 789 883 cum
821 824 883 882 suis
901 823 1075 899 arripuisset
1095 824 1134 882 ad
1155 825 1299 885 invidiam

216 932 249 989 in
268 930 439 989 Ciceronem
460 928 672 988 concitandam.
695 927 756 1004 Sin,
779 932 811 986 ut
832 927 863 986 in
885 927 1048 987 custodiam
1066 944 1098 987 se
1112 929 1244 1005 recipere
1253 948 1298 990 re·

216 1039 382 1110 cusaverat,
403 1033 446 1092 sic
467 1033 565 1108 etiam,
586 1030 664 1107 quod
681 1030 860 1108 postulabat,
881 1029 921 1087 ad
931 1034 1067 1089 senatum
1078 1031 1186 1091 referre
1197 1030 1299 1112 nollet,

217 1137 274 1196 hoc
290 1152 394 1195 ansam
413 1118 555 1211 praebere
576 1138 677 1210 posset
697 1133 735 1191 ad
756 1133 956 1207 negligentiae
978 1149 1044 1192 eum
1064 1135 1113 1193 vel
1134 1136 1299 1195 calumniae

218 1243 249 1299 in
277 1241 386 1314 vulgus
410 1238 602 1316 arguendum,
620 1238 708 1314 quasi
735 1254 794 1296 nou
815 1237 859 1297 rei
880 1237 1019 1314 publicae
1040 1254 1139 1315 causa,
1161 1238 1214 1297 sed
1235 1240 1302 1298 odio

217 1348 334 1404 tantum
350 1343 456 1402 ductus
479 1342 536 1401 sibi
554 1340 770 1419 adversaretur,
791 1358 880 1418 quum
901 1356 956 1399 neo
977 1338 1124 1400 custodire
1143 1356 1184 1420 se,
1205 1360 1302 1420 neque

216 1464 337 1509 causam
355 1461 530 1519 cognoscere
541 1445 640 1521 vellet,
651 1443 787 1520 quamvis
797 1443 950 1519 utriusque
960 1444 1004 1502 rei
1014 1442 1186 1505 facultatem
1197 1452 1301 1523 sponte
1346 1520 1349 1527 Ι

217 1553 245 1610 ei
274 1551 439 1610 obtulisset.
481 1546 565 1621 Quae
580 1549 641 1608 tela
662 1549 705 1608 ita
726 1548 867 1625 coniecta,
888 1553 921 1607 ut
938 1548 1027 1606 vitari
1045 1565 1132 1625 posse
1149 1549 1202 1609 vix
1218 1551 1300 1611 vide-

217 1659 326 1731 rentur,
357 1652 442 1712 vides
463 1657 574 1728 quanta
595 1656 659 1710 arte
679 1651 718 1710 ab
739 1654 853 1709 oratore
870 1651 1052 1728 repellantur
1069 1656 1099 1711 et
1116 1653 1148 1710 in
1162 1653 1300 1714 adversa-

216 1756 293 1814 rium
308 1754 393 1831 quasi
411 1758 642 1831 retorqueantur.
683 1755 747 1813 Iam
768 1770 838 1812 vero
856 1770 914 1812 non
933 1753 1025 1831 (quod
1045 1754 1149 1814 Bootio
1169 1757 1302 1836 videtur)

216 1875 437 1936 supervacanea
457 1874 524 1916 esse
544 1856 636 1916 verba
657 1855 792 1914 toireio
813 1855 955 1933 ossillum,
977 1857 1029 1916 sed
1041 1857 1150 1917 idcirco
1166 1860 1247 1938 addi,
1269 1867 1302 1921 ut

217 1961 297 2037 refer
315 1967 345 2021 et
365 1958 634 2035 referomhabeant
655 1975 712 2033 quo
726 1957 898 2036 referantur,
909 1959 1044 2035 quemvis
1054 1960 1156 2020 videre
1167 1963 1301 2024 arbitror.

257 2065 319 2125 Sed
343 2068 449 2125 iterum
477 2064 508 2123 in
534 2064 592 2122 hac
623 2080 655 2122 re
680 2061 856 2119 vehementer
874 2079 994 2138 peccare
1014 2069 1159 2124 oratorem
1172 2066 1245 2128 dicit
1265 2070 1301 2128 R.

216 2186 277 2249 pag
299 2171 348 2228 30.
370 2186 427 2244 sq:
451 2185 538 2242 ,nam
554 2170 710 2243 postquam
728 2169 849 2224 senatus
865 2168 935 2223 noto
956 2164 1074 2225 decreto
1091 2170 1301 2243 rempublicam

216 2274 395 2336 Consulibus
423 2273 565 2350 permisit,
586 2275 754 2331 senatorum
779 2288 837 2328 non
858 2276 922 2329 erat
950 2270 987 2329 de
1015 2289 1051 2330 ea
1082 2291 1114 2332 re
1141 2274 1302 2353 quidquam

217 2377 383 2454 decernere,
404 2379 434 2436 et
451 2375 580 2433 absurda
601 2378 647 2433 est
666 2373 758 2447 igitur
775 2373 864 2431 etiam
881 2372 938 2432 hoc
965 2374 1082 2433 nomine
1104 2379 1302 2452 expostulatio

216 2479 378 2541 Catilinae:
400 2477 481 2553 refer
502 2477 541 2535 oct
557 2476 715 2535 senators.”
754 2475 892 2534 Absurde
913 2475 1004 2549 igitur
1021 2477 1111 2536 etiam
1137 2486 1205 2540 sunt
1226 2500 1301 2558 quae

217 2583 340 2644 Sallust.
372 2588 473 2643 narrat
504 2601 528 2642 c.
552 2582 610 2660 50,
633 2587 701 2658 post
725 2579 923 2656 deprehensos
954 2581 1165 2644 coniurationis
1193 2587 1301 2647 socios:

220 2689 349 2762 „Consul
378 2721 418 2730 —
449 2689 608 2746 convocato
630 2691 735 2745 senatu
755 2684 853 2762 refert,
875 2685 947 2763 quid
960 2685 997 2745 de
1025 2687 1074 2746 his
1091 2687 1155 2747 fieri
1175 2692 1302 2770 placeat,

217 2792 270 2867 qui
292 2793 323 2850 in
331 2790 494 2850 custodiam
514 2789 618 2848 traditi
636 2793 729 2846 eraut:
751 2788 804 2847 sed
815 2806 865 2847 eos
876 2792 977 2866 paullo
988 2797 1057 2851 ante
1068 2792 1205 2870 frequens
1216 2814 1300 2856 sena-

217 2897 267 2952 tus
289 2892 473 2952 iudicaverat
501 2893 602 2950 contra
629 2889 840 2965 rempublicam
865 2889 999 2950 fecisse.''
1030 2894 1167 2956 Absurde
1184 2900 1302 2974 quidem

217 3001 281 3056 tum
310 2996 347 3054 D.
373 2993 478 3053 Iunius
506 2992 627 3062 Silanus
650 2991 779 3068 „primus
797 2993 974 3051 seutentiam
995 3000 1116 3068 rogatus
1136 3030 1176 3039 —
1197 2999 1234 3058 de
1255 2999 1302 3060 his

217 3100 269 3177 qui
297 3100 329 3158 in
356 3097 498 3158 custodiis
523 3095 700 3156 tenebantur
720 3128 760 3138 -
780 3097 958 3173 supplicium
975 3100 1149 3159 sumendum
1166 3103 1302 3165 decreve-

217 3204 292 3282 rat,''
310 3209 341 3264 et
361 3204 410 3263 Ti.
433 3204 513 3262 Nero
527 3200 582 3276 „de
603 3205 697 3279 ea're,
718 3200 875 3278 praesidiis
892 3201 1011 3282 additis,
1031 3204 1216 3266 referendum
1234 3227 1301 3270 cen·

218 3304 347 3365 suerat''
368 3304 505 3363 Absurde
526 3303 633 3363 deiude
653 3303 772 3381 Caesar,
794 3303 877 3382 (lato,
898 3305 951 3363 alii
966 3323 1062 3366 coram
1084 3315 1190 3370 senatu
1203 3312 1241 3372 de
1253 3331 1301 3373 ea-

217 3409 285 3469 dem
306 3426 339 3468 re
356 3408 448 3467 verba
468 3407 609 3468 fecerunt.
631 3407 710 3466 Tum
731 3407 809 3468 idem
830 3407 951 3468 Sallust.
972 3428 997 3470 c.
1026 3413 1074 3472 47.
1095 3414 1195 3494 tradit,
1216 3434 1301 3478 sena-

216 3519 280 3574 tum
312 3513 487 3593 decrevisse,
508 3517 542 3573 ut
562 3513 708 3573 Lentulus
729 3514 878 3590 ceterique
901 3515 1045 3575 coniurati
1066 3517 1097 3575 in
1117 3519 1219 3579 liberis
1237 3540 1301 3583 cus-

216 3617 307 3679 todiis
335 3617 523 3678 haberentur.
575 3635 640 3693 cap.
662 3620 711 3676 48:
742 3618 896 3692 „frequens
923 3624 1044 3679 senatus
1062 3620 1205 3684 decernit:
1226 3626 1301 3686 Tar-

215 3723 313 3799 quinii
344 3721 485 3781 indicium
516 3719 624 3778 falsum
644 3721 767 3780 videri''.
788 3720 843 3780 Off.
865 3723 954 3781 etiam
976 3726 1088 3802 quae§
1110 3730 1136 3785 1.
1154 3729 1193 3787 ad
1210 3732 1303 3791 verba

215 3823 364 3901 patientia
384 3828 484 3882 bostro
504 3822 657 3882 adnotavit
677 3823 711 3881 B.
733 3821 813 3895 Quid
830 3824 941 3899 plura?
963 3827 1162 3890 Possumusne
1183 3832 1300 3894 histes-

217 3926 349 3988 timoniis
371 3927 537 4003 decernere,
558 3926 648 3985 etiarn
662 3926 799 3986 Rinkesii
816 3925 956 3986 indiciam
965 3928 1185 4012 folsornoidori,
1206 3955 1302 4012 neque

217 4036 371 4110 oratorem,
390 4029 443 4091 sed
461 4031 557 4106 ipsum
578 4029 755 4088 scitamenta·
769 4034 910 4106 peccare?

258 4241 326 4301 Noa
347 4241 483 4319 reserem,
506 4238 539 4298 id
558 4240 633 4317 qood
653 4238 819 4299 oblrorreto
838 4240 909 4300 meis
926 4240 1060 4302 moribus.
1084 4242 1302 4324 ,Nisiininep

219 4344 332 4406 tissime
366 4344 507 4425 scriptore
536 4345 710 4423 explicando
741 4362 882 4423 versarer,
905 4345 1065 4407 indicarem
1085 4362 1206 4420 gravem
1226 4348 1302 4409 Mor-

1139 4449 1182 4507 4*
