3086 5192
758 426 888 515 42'

241 609 467 689 sentiremque
491 618 577 688 poeto
594 613 675 673 cives
699 615 743 674 tui
764 619 795 674 te
820 618 964 693 metuunt,
985 612 1103 674 domum
1116 627 1214 672 meam
1234 609 1324 670 relin-

240 712 542 791 quendamputarem.
568 716 861 794 Tuutcpcregradum
870 721 966 777 metus
977 717 1130 793 indicaret,
1145 714 1225 793 odeo,
1236 730 1324 791 usque

242 833 291 883 co;
320 817 375 876 sed
406 816 455 878 hic
485 819 549 878 eins
581 819 729 899 rationem,
755 821 870 880 mcdzcm
891 819 1051 896 significari
1068 819 1213 895 videmus,
1234 821 1325 892 atque

241 922 284 980 ita
311 939 370 980 stoa
400 921 527 982 titubans
547 928 645 984 orator
662 930 742 986 recte
759 925 845 986 dicit:
867 926 893 984 si
914 924 1030 985 meista
1048 929 1134 1001 pacto
1147 923 1323 997 metuerent,

240 1030 273 1084 at
289 1058 330 1068 -
351 1026 447 1085 codam
470 1028 560 1106 modo,
581 1034 687 1107 quote
703 1034 840 1090 metuunt
853 1031 933 1090 cives
951 1029 1004 1089 tui.
1047 1026 1217 1101 Quaerere
1235 1040 1326 1085 eausa

241 1134 296 1209 est,
317 1149 369 1191 cur
386 1134 422 1191 R.
444 1134 476 1191 in
497 1133 535 1193 iis
558 1134 773 1212 enumerandis,
795 1151 872 1211 quae
893 1135 974 1194 cives
995 1131 1153 1193 metuenda
1170 1129 1325 1206 haberent,

241 1234 315 1293 talia
339 1235 465 1313 omittat,
497 1253 573 1310 quae
605 1254 699 1312 acque
722 1238 816 1296 servis
834 1255 869 1297 ac
889 1237 991 1296 liberis
1012 1239 1124 1295 metum
1144 1234 1239 1293 facere
1256 1247 1325 1309 pos-

242 1342 320 1415 sunt,
341 1338 394 1397 illa
414 1343 530 1398 tantum
551 1340 690 1419 nominet,
712 1358 789 1416 quae
812 1341 906 1402 servis
924 1340 1007 1399 nulla
1029 1357 1095 1399 esse
1117 1337 1248 1398 scimus?
1270 1335 1323 1394 Di·

159 1469 162 1473 <
242 1441 284 1501 cit
314 1442 405 1501 enim:
440 1460 495 1517 „ne
517 1443 647 1504 Catilina
664 1444 777 1522 domus,
799 1450 872 1504 tecta
885 1462 940 1504 sua
956 1446 1099 1520 vastaret,
1119 1442 1197 1501 bona
1217 1440 1324 1517 diripe·

241 1550 297 1623 ret,
324 1546 377 1606 sed
402 1564 440 1606 ne
464 1547 521 1608 hoc
540 1548 594 1610 fiat
614 1550 693 1609 servi
711 1554 843 1610 metuere
861 1566 920 1608 non
937 1564 1049 1626 possum
1063 1546 1090 1606 .''
1133 1546 1174 1606 At
1190 1546 1260 1623 vim,
1282 1545 1325 1604 in·

243 1647 344 1725 sidias,
373 1649 503 1728 eaedem,
531 1653 655 1726 quaevis
684 1652 817 1712 crudelia
841 1669 900 1711 non
925 1651 1022 1711 minus
1055 1667 1143 1726 quam
1164 1649 1246 1710 cives
1266 1666 1325 1709 me·

243 1757 343 1830 tuunt3
370 1771 422 1812 cnr
448 1772 559 1829 quaeso
589 1755 664 1816 haee
688 1757 810 1817 omisit?
839 1756 888 1816 An
904 1756 979 1817 forte
1000 1761 1034 1817 ut
1054 1756 1118 1816 iure
1135 1755 1262 1831 quodam
1282 1755 1326 1813 vi·

244 1856 307 1916 deri
327 1863 428 1934 posset
445 1876 511 1918 cum
531 1859 705 1919 Morstadtio
723 1862 902 1920 exclamare:
925 1859 1045 1920 abacti
1064 1859 1133 1938 quid
1150 1858 1255 1918 trucci?

286 2079 381 2122 curres
402 2063 475 2122 ciues
503 2065 554 2124 tui.
578 2067 809 2143 „Praeterquam
827 2068 906 2142 quod
923 2066 979 2127 hoc
1000 2084 1103 2126 verum
1123 2084 1182 2126 non
1200 2070 1254 2142 est,
1272 2065 1327 2124 eti-

245 2185 294 2226 am
321 2167 378 2228 hoc
405 2169 522 2229 nomine
549 2172 808 2248 reprehendendus
827 2178 873 2232 est
897 2189 970 2232 usus
987 2171 1091 2231 horum
1112 2169 1328 2246 vocabulorum,

247 2272 325 2349 quod
346 2278 444 2334 orator
460 2274 558 2334 adhuc
574 2292 633 2334 non
651 2275 688 2335 de
703 2276 837 2336 omnibus
857 2276 910 2334 sed
931 2274 969 2335 de
998 2274 1183 2334 senatoribus
1204 2271 1327 2346 egerit.'’

247 2378 285 2438 R.
315 2410 356 2421 -
386 2379 600 2454 Praeterquam
625 2379 703 2454 quod
729 2381 785 2439 hcc
813 2397 915 2439 verum
946 2397 1005 2439 non
1027 2384 1086 2440 est:
1107 2378 1234 2453 legimns
1251 2376 1329 2436 enim

247 2480 334 2540 initio
351 2498 375 2540 c.
397 2481 457 2539 VI:
482 2481 530 2554 „in
551 2499 611 2557 qua
632 2482 730 2560 (urbe)
748 2500 835 2542 nemo
857 2488 902 2542 est
920 2486 1005 2542 extra
1022 2487 1079 2541 cet.
1100 2514 1140 2524 -
1161 2482 1213 2557 qui
1229 2485 1329 2540 tenen

248 2584 362 2661 metuit,
383 2601 469 2643 nemo
481 2584 602 2659 quinon
620 2584 747 2663 oderit;”
770 2619 810 2628 -
832 2585 885 2644 sed
895 2586 1013 2645 etiamsi
1021 2585 1104 2645 nulla
1114 2583 1212 2644 adhuc
1223 2583 1330 2643 civium

247 2686 359 2746 mentio
380 2692 460 2748 essct
480 2686 568 2766 facta,
589 2688 662 2765 quid
677 2692 822 2747 oratorem
839 2688 1017 2766 prohiberet,
1038 2688 1098 2747 iam
1116 2686 1331 2747 asenatoribus

248 2789 288 2849 ad
318 2792 431 2850 ceteros
460 2789 540 2849 cives
566 2791 702 2870 transire,
731 2808 789 2869 quo
806 2792 887 2850 viam
905 2792 962 2851 sibi
980 2792 1108 2852 muniret
1128 2791 1166 2850 ad
1188 2810 1233 2870 ea,
1255 2807 1331 2868 quae

247 2891 388 2969 deinceps
412 2893 467 2952 sub
498 2893 613 2969 patriae
644 2912 780 2971 persona,
812 2911 901 2969 quam
933 2911 1106 2980 communem
1128 2892 1254 2949 amatam
1281 2909 1331 2948 ao-

249 3002 340 3058 strum
361 3003 512 3073 parantem
531 3002 627 3077 vocat,
648 2998 780 3059 dicturus
802 2997 872 3057 est?
901 2998 980 3055 Tum
998 3013 1093 3053 enarres
1110 2993 1183 3052 ciues
1203 3010 1263 3069 qua
1282 3011 1330 3052 ra-

247 3103 330 3163 tione
350 3101 466 3162 dicatur
483 3121 521 3162 ex
534 3104 554 3161 l.
576 3104 596 3161 l.
618 3101 732 3161 discere
749 3117 917 3177 possumus:
941 3101 990 3173 „in
1008 3116 1067 3175 qua
1084 3115 1165 3156 acmo
1185 3103 1231 3158 est
1246 3105 1332 3159 caira

248 3204 335 3262 istum
356 3203 581 3262 coniurationem
598 3201 779 3278 perditorum
797 3199 962 3259 troarnum
978 3206 1048 3280 cet3
1069 3199 1102 3259 hi
1123 3201 1203 3259 enim
1221 3202 1330 3261 civium

248 3306 366 3366 nomine
393 3305 508 3379 indigni
537 3307 629 3381 erant,
661 3309 694 3363 ut
715 3304 842 3378 legimus
860 3303 880 3381 ξ
904 3306 957 3363 28:
981 3304 1040 3378 „At
1057 3321 1209 3380 nunquam
1226 3305 1258 3363 in
1274 3305 1331 3365 hac

249 3410 366 3487 orosii,
387 3410 439 3486 qui
460 3427 478 3468 a
495 3427 527 3468 re
544 3409 664 3487 publica
680 3409 858 3487 defecerunt,
870 3409 979 3468 civium
993 3410 1058 3468 iura
1068 3410 1255 3470 tenuerunt.”
1275 3409 1330 3470 Oe·

249 3519 346 3576 terum
366 3514 413 3573 cff.
434 3530 512 3592 qnae
530 3511 736 3572 adnotavimus
747 3512 786 3570 ad
796 3513 887 3571 verba
900 3511 988 3570 citum
999 3510 1125 3570 omnium
1135 3510 1269 3589 ciuium
1283 3513 1330 3570 12.

292 3722 318 3782 si
339 3729 366 3782 tc
383 3729 519 3799 porcaster
536 3721 676 3781 timerent.
700 3720 905 3798 „Comparatio
922 3719 997 3779 haee
1018 3724 1077 3780 est:
1099 3720 1125 3779 si
1145 3722 1284 3797 parentes
1300 3721 1332 3777 te

256 3825 398 3901 odissent,
429 3826 529 3900 aliquo
547 3825 735 3902 concederem
757 3842 835 3882 nunc
854 3824 953 3901 patria
969 3829 1000 3884 te
1021 3823 1139 3901 metuit3
1161 3826 1332 3901 exspectare

251 3927 343 4002 igitur
362 3928 426 3986 iure
438 3944 605 4004 possemus:
626 3926 717 4002 ipitur
737 3924 867 4003 retirrqac
883 3924 991 3984 urbem.
1033 3925 1164 3985 Athaco
1180 3925 1256 3984 ratio
1273 3942 1332 3984 non

253 4032 353 4111 placet
380 4031 488 4091 oratori
519 4029 647 4090 nostro.’'
669 4032 706 4089 R.
726 4061 767 4072 -
788 4028 867 4088 Haec
895 4029 981 4088 carbo
1009 4030 1114 4089 saltem
1135 4045 1194 4087 non
1215 4028 1332 4105 placue-

252 4135 455 4214 numeraturi,
476 4135 527 4212 qni
547 4135 640 4194 multo
660 4133 827 4208 elegantius
848 4133 1063 4194 conclusionem
1083 4132 1155 4193 facit
1164 4149 1218 4208 per
1227 4128 1332 4188 verba:

261 4240 366 4315 „huius
397 4245 431 4300 tu
447 4257 543 4316 neque
564 4239 770 4298 auctoritatem
790 4237 949 4298 verebere''
967 4240 1032 4312 eet,
1053 4252 1130 4311 quae
1150 4235 1187 4292 R.
1207 4232 1256 4310 (de
1277 4248 1335 4308 quo

253 4360 322 4403 mox
352 4340 531 4416 videbimus)
558 4343 686 4402 libenter
716 4341 825 4401 fatetur
846 4360 875 4397 so
903 4356 961 4397 aaa
981 4355 1099 4413 capere:
1121 4337 1200 4413 quod
1216 4334 1335 4394 minime
