3086 5192
783 466 803 521 4

245 623 373 700 irreptum
401 621 550 700 quemdam
577 626 604 678 ot
625 620 781 680 ridiculum
809 621 1037 699 declamatorem,
1058 622 1112 682 sed
1129 623 1226 701 ipsum
1243 624 1326 685 (iice-

246 744 347 785 ronem
365 725 429 784 eius
447 728 595 785 auctorem
613 741 688 784 esse.
730 724 809 782 Tum
830 724 860 783 in
874 723 931 784 hac
951 728 1035 801 parte
1056 724 1181 803 felicius,
1202 730 1236 786 ut
1252 724 1325 785 mihi

246 829 371 907 videtur,
397 846 486 903 quam
510 829 541 885 in
566 829 660 887 altera
674 827 838 887 elaboravit
860 827 991 906 Boetius,
1018 828 1049 886 in
1067 829 1151 888 cuius
1168 829 1325 908 sententia,

244 934 347 1011 paucis
365 932 541 1008 quibusdam
563 933 704 1011 exeeptis,
725 932 812 992 facile
831 933 994 1007 acquiesco.

283 1038 349 1096 Iam
379 1038 470 1111 igitur
501 1054 574 1112 opus
605 1053 781 1110 aggressum
804 1036 890 1111 plura
917 1035 1045 1112 praefari
1073 1053 1324 1113 supervacaneum

244 1144 302 1217 est3
336 1157 373 1198 ex
393 1141 458 1216 ipso
473 1139 550 1198 enim
572 1138 643 1213 quid
664 1142 694 1197 et
714 1156 774 1212 qua
791 1138 905 1197 ratione
926 1137 982 1196 sim
1003 1142 1130 1215 acturus,
1156 1156 1323 1212 cognosces,

242 1243 451 1303 Adnotationis
468 1247 567 1302 antem
587 1241 733 1319 Rinkesii‚
754 1246 915 1319 utparest,
938 1242 1039 1301 ordine
1050 1243 1148 1320 ducar,
1169 1244 1322 1303 missista·

242 1366 311 1406 men
321 1348 367 1424 iis,
389 1347 507 1422 quaein
524 1344 1094 1424 principiodoiuscriptiouodisputavit‚
1115 1347 1323 1422 qniaanostro

241 1449 391 1526 proposito
422 1449 521 1508 aliena
548 1447 733 1507 videbantur.
775 1449 853 1507 Nam
875 1466 952 1523 quae
970 1449 1054 1508 dicit:
1079 1448 1129 1523 „si
1150 1450 1252 1510 Cicero
1269 1469 1322 1510 un-

243 1571 332 1629 quam
350 1553 443 1612 edidit
460 1552 661 1629 Catilinarias‚
683 1556 762 1610 certe
780 1569 831 1611 eas
849 1570 908 1610 non
925 1553 1076 1628 inscripsit
1090 1569 1203 1613 omnes:
1227 1553 1320 1613 Orati-

242 1674 309 1714 ones
325 1655 357 1714 iu
389 1654 564 1714 deliberand'
586 1660 651 1733 cet,
672 1658 813 1712 nontam
834 1654 873 1712 ad
889 1653 966 1714 hano
988 1656 1149 1715 orationem
1165 1658 1321 1736 pertinere,

241 1776 411 1834 quassans
432 1759 464 1817 ia
488 1758 644 1817 Catilinam
654 1757 841 1817 inscribenda
852 1763 906 1836 est,
928 1775 1017 1832 qnam
1028 1759 1067 1817 ad
1077 1760 1322 1821 introductionem

240 1863 385 1941 existimo,
417 1863 468 1923 nbi
500 1864 538 1922 de
569 1863 703 1922 omnibns
734 1863 841 1937 agitur.
884 1863 963 1938 Ergo
991 1865 1022 1922 in
1050 1864 1107 1923 hac
1131 1865 1321 1927 adnotatione

239 1966 358 2042 quidem
379 1967 477 2026 dicore
498 1984 557 2025 non
577 1965 692 2025 debuit:
717 1970 767 2040 „ut
783 1965 856 2023 mihi
874 1965 992 2025 videtur
1008 1967 1068 2026 iem
1085 1968 1237 2045 inscriptio
1255 1969 1321 2046 ipsa

238 2068 391 2128 falsarium
422 2069 548 2146 prodit.''
600 2067 788 2144 Quamquam
816 2068 933 2128 omnino
960 2071 1157 2146 periculosum
1185 2090 1251 2133 esse
1283 2091 1321 2133 ex

238 2172 479 2249 inscriptionibus
510 2177 572 2232 tam
603 2172 743 2231 audacter
770 2172 808 2230 de
829 2177 948 2232 auctore
965 2173 1105 2233 iudicium
1133 2175 1239 2253 faeere,
1260 2177 1319 2235 Ho-

239 2277 312 2334 meri
343 2274 425 2352 Ib‘uc,
453 2273 623 2334 Aristotelis
654 2272 861 2350 Metapbpcica
890 2275 1007 2334 Horatii
1034 2292 1084 2334 urs
1112 2277 1233 2354 podica,
1259 2277 1320 2336 alia

238 2379 363 2438 aliorum
391 2378 501 2455 scripta
532 2379 637 2437 testari
663 2381 796 2454 possunt.
837 2376 897 2437 Sed
924 2386 1021 2454 neque
1052 2379 1104 2448 illa
1121 2398 1191 2439 vere
1208 2381 1317 2442 addere

238 2480 312 2540 mihi
329 2480 460 2541 videtur:
484 2480 618 2554 „etiamsi
639 2472 817 2539 coniunctim
838 2479 935 2540 editae
953 2486 1062 2558 essent,
1082 2484 1182 2540 tamen
1198 2499 1319 2542 unone

237 2586 317 2646 mine
349 2585 467 2661 difficile
495 2582 701 2660 comprehendi
725 2588 856 2661 possent,
884 2584 963 2659 quod
980 2583 1015 2642 do
1033 2584 1166 2661 pearsonis
1188 2593 1214 2644 ct
1231 2603 1318 2663 erpu-

237 2689 340 2747 mactis
367 2687 488 2746 diuersis
512 2691 611 2747 essent
639 2685 851 2761 conscriptae.”
892 2687 979 2761 Nego
1003 2687 1081 2746 enim
1106 2687 1212 2747 diuersi
1232 2707 1318 2766 orpor-

236 2792 325 2851 mcato‘
349 2810 415 2851 esse
439 2809 515 2868 quae
548 2808 649 2849 omnes
673 2794 765 2865 agant
786 2790 823 2849 de
841 2790 1042 2851 coniuratione
1059 2790 1242 2872 centinaria,
1264 2811 1319 2854 neo

236 2895 348 2954 minore
372 2895 436 2954 inre
463 2893 519 2954 hes
543 2911 602 2952 uno
626 2893 743 2952 nomine
768 2890 958 2951 Cutiliuurius
979 2893 1037 2952 dici
1055 2896 1207 2974 contendo,
1229 2914 1318 2971 qnam

236 2996 426 3075 Philippicas,
455 3015 530 3072 quas
561 2994 781 3070 quatuordecim
805 2993 908 3053 Cicero
926 2999 1027 3055 contra
1044 2994 1206 3055 Antonium
1224 2996 1318 3057 edidit

236 3106 392 3166 orationes.
435 3103 495 3162 Sed
525 3101 573 3160 his
603 3101 712 3178 missis,
740 3105 774 3159 ut
798 3099 942 3177 dicebam,
971 3099 1010 3158 ad
1038 3101 1135 3177 ipsam
1155 3101 1317 3162 orationem

235 3209 399 3268 veniamus.
444 3207 508 3265 Hoo
535 3222 625 3264 unum
652 3208 752 3263 temen
779 3202 1028 3279 praemonendum
1046 3203 1137 3263 etiam
1152 3202 1258 3283 habeo,
1278 3223 1317 3265 ne

236 3310 371 3370 omnibus
399 3309 472 3368 locis
500 3325 574 3383 quos
602 3308 728 3367 intactos
746 3323 793 3365 me
811 3306 967 3381 reliquisse
985 3306 1088 3366 videas
1110 3309 1248 3368 assentiri
1269 3327 1317 3368 me

235 3414 378 3475 Rinkesio
410 3413 570 3491 existimes,
603 3413 655 3473 sed
680 3428 873 3487 quaeeunque
901 3429 920 3468 a
947 3411 1051 3471 Bootio
1078 3412 1229 3473 vindicata
1243 3413 1317 3483 satis

235 3519 308 3581 mihi
329 3520 395 3579 visa
413 3517 481 3596 sint,
502 3517 620 3578 silentio
640 3515 701 3576 fere
719 3516 751 3573 in
768 3515 832 3574 eius
845 3532 892 3574 ms
914 3514 1022 3576 iudicio
1039 3516 1234 3591 acquiescere.

624 3800 856 3866 CAPUT
903 3801 930 3863 Ι.

662 4008 909 4018 n--u———nu--tn——v

273 4142 358 4216 Quae
386 4141 488 4202 brevia
520 4138 645 4214 singulis
673 4137 734 4196 iere
763 4137 910 4214 capitibus
931 4141 1106 4211 argumenta
1126 4135 1315 4212 praemittere

232 4245 488 4322 soletRinkesius‚
514 4244 541 4304 si
550 4243 627 4303 benc
638 4241 783 4320 attendes,
801 4260 861 4300 non
873 4245 934 4301 tam
946 4239 1313 4316 eoeonsiliosoriptaesse

232 4352 370 4429 reperies,
398 4355 432 4411 ut
449 4366 551 4410 verum
572 4348 664 4409 totius
680 4347 737 4409 loci
759 4350 947 4424 conspectum
975 4344 1134 4406 lectoribus
1162 4344 1312 4422 praebeat,
