3086 5192
728 481 765 539 25

207 642 281 704 est.''
303 643 340 702 R.
361 675 400 685 -
417 640 673 715 Quamvisverum
685 642 732 719 sit,
745 640 823 717 quod
834 640 868 698 Β.
880 639 960 716 dicit,
972 639 1218 723 Rinkesiumnon
1229 637 1288 697 cul-

207 745 373 825 pareliano
393 746 639 824 paronomasiam,
660 750 843 806 tamencum
864 762 923 803 non
941 743 1005 804 sine
1026 744 1127 820 aliqua
1155 741 1289 802 irrisione

207 851 239 911 in
259 850 487 912 declamatorem
509 852 562 910 illa
580 851 678 910 dicere
699 849 842 926 videmus,
874 849 1150 927 quumpraesertim
1168 846 1290 906 ethaeo

207 953 307 1013 addat:
351 955 487 1028 ,Exolio
505 954 698 1031 oppositionis
716 970 824 1028 genere
844 969 904 1012 non
918 953 1016 1010 minus
1036 951 1145 1011 festivo
1161 950 1217 1010 hoc
1235 952 1289 1008 est:

206 1074 275 1133 qnos
294 1056 375 1131 ferro
393 1056 536 1116 trucidari
560 1056 713 1133 oportebat,
736 1073 782 1113 eos
798 1054 925 1113 condrino
945 1073 1009 1113 occe
1029 1052 1175 1112 ooloero’'.
1201 1051 1291 1110 Talia

207 1159 258 1235 qui
268 1158 354 1237 ridet,
365 1177 424 1217 non
434 1157 567 1235 ineptum
577 1157 813 1234 declamatorem,
825 1156 878 1216 sed
888 1155 1059 1216 Ciceronem
1070 1157 1166 1233 ipsum
1181 1155 1290 1232 culpat.

246 1365 302 1425 itta
323 1364 389 1443 ipro
409 1372 497 1426 nocte.
519 1366 644 1426 Miratur
664 1365 754 1425 Rink.
777 1364 858 1444 (ride
876 1365 941 1424 init.
964 1363 997 1423 C.
1018 1362 1079 1440 III)
1100 1380 1190 1440 quum
1211 1366 1291 1420 nocte

205 1469 350 1531 coniurati
368 1471 584 1548 convenissent,
605 1469 736 1547 Consuli,
756 1474 913 1547 postquam
929 1468 1004 1528 haec
1035 1467 1074 1526 ad
1101 1485 1168 1526 eum
1190 1464 1290 1525 delata

206 1579 314 1652 essent,
346 1574 421 1633 satis
449 1574 590 1651 temporis
621 1573 721 1650 fuisse,
753 1578 786 1632 ut
811 1577 841 1632 et
861 1572 980 1649 domum
997 1588 1082 1630 suam
1101 1569 1238 1645 munriret,
1259 1571 1290 1626 et

205 1675 309 1735 molter
327 1682 354 1734 et
370 1694 492 1735 summos
509 1675 584 1735 ciros
605 1694 620 1733 e
643 1675 722 1734 lectio
743 1675 782 1734 od
803 1693 833 1733 oe
846 1679 1008 1733 arcesseret.
1049 1672 1129 1732 Illud
1145 1675 1289 1731 oratorem

204 1777 302 1855 ipsum
312 1777 459 1838 dicentem
476 1777 628 1837 audimus:
649 1777 785 1837 hocvero
796 1777 874 1836 unde
895 1777 932 1835 R.
944 1775 1105 1851 cognorit?
1127 1775 1207 1833 Nam
1223 1772 1288 1831 nul·

204 1882 263 1941 lam
274 1900 370 1959 neque
381 1882 550 1961 Sallustius,
559 1900 655 1959 neque
666 1883 752 1961 alius,
763 1886 907 1959 quantum
916 1881 1045 1958 memini,
1055 1879 1144 1939 huius
1154 1880 1197 1938 rei
1207 1896 1287 1939 men·

203 1984 314 2044 tionem
324 1984 405 2045 facit.
426 1985 529 2046 Cicero
545 1989 644 2045 autem
658 1984 739 2044 dicit:
770 2002 861 2060 ,quos
885 2002 941 2059 ego
961 1984 1139 2043 iam'multis
1160 2002 1196 2043 ae
1209 1999 1287 2042 sum·

203 2089 259 2147 mis
280 2089 353 2148 viris
371 2088 475 2148 adme
493 2088 524 2147 id
542 2087 682 2165 temporis
700 2091 839 2147 venturos
861 2103 927 2147 esse
952 2086 1187 2164 praedixeram.'’
1219 2086 1288 2145 Nisi

203 2191 295 2265 igitur
315 2191 393 2250 unde
413 2192 540 2268 petitum
561 2189 617 2250 hoe
638 2191 670 2249 in
689 2190 836 2250 rhetorem
853 2190 956 2251 iecerit
976 2190 1100 2267 probare
1117 2188 1286 2267 possitfal-

203 2296 230 2355 si
251 2313 318 2355 emn
335 2296 497 2356 testimonii
515 2296 670 2356 damnabo.
703 2295 763 2356 Sed
783 2296 914 2375 Consuli,
935 2313 1022 2372 quem
1043 2301 1073 2355 et
1094 2299 1288 2355 conventuros

117 2449 121 2457 .
204 2398 401 2473 praescivisse
419 2399 572 2476 probabile
591 2402 645 2477 est,
667 2402 697 2458 et
714 2397 832 2457 vindam
858 2405 936 2457 coeto
957 2397 1074 2457 dimisso
1091 2398 1190 2457 omnia
1211 2415 1287 2458 com-

204 2502 316 2578 perisse
338 2502 472 2581 legimus,
493 2521 584 2579 qumn
602 2502 647 2561 illi
665 2502 862 2579 prioreparte
884 2502 932 2581 (ef.
950 2501 999 2580 B.)
1031 2503 1238 2562 convenissent
1258 2506 1289 2562 et

204 2621 288 2664 mooe
297 2605 399 2681 paullo
410 2611 476 2664 ante
488 2604 579 2665 locem
588 2606 716 2683 impetus
726 2604 818 2684 lieret,
839 2606 913 2666 satis
926 2605 1056 2683 profecto
1066 2606 1206 2683 tempon's
1222 2604 1288 2683 fuit,

203 2712 237 2767 ut
255 2713 286 2767 et
302 2708 421 2767 domum
442 2727 526 2770 suam
548 2709 706 2770 maioribus
720 2710 878 2787 praesidiis
893 2710 976 2789 (nam
996 2729 1055 2771 non
1075 2713 1153 2771 solos
1170 2711 1288 2771 venisse

202 2807 276 2867 duos
298 2809 367 2867 illos
379 2811 503 2888 equites,
524 2812 603 2888 quod
620 2814 657 2871 R.
679 2817 773 2891 putat,
795 2832 811 2873 e
829 2812 952 2874 Sallust.
974 2815 1103 2874 ostendit
1123 2812 1171 2892 B.)
1192 2815 1287 2873 muni-

201 2916 247 2972 ret
271 2917 361 2989 atque
392 2911 531 2991 firmaret,
559 2919 590 2975 et
616 2932 687 2974 vero
715 2917 825 2975 amicos
846 2934 915 2975 suos
937 2919 1123 2996 conveniret,
1144 2936 1218 2994 quos
1234 2937 1287 2997 pro

201 3017 325 3095 periculi
353 3018 557 3093 magnitudine
580 3024 610 3079 et
640 3020 798 3095 vigilantia
818 3019 956 3080 Consulis
976 3022 1014 3080 ab
1035 3039 1070 3081 eo
1090 3023 1288 3098 praemonitos

200 3121 292 3184 fuisse
313 3124 431 3197 credas,
464 3124 590 3185 fortasse
612 3125 711 3204 etiam,
733 3130 767 3185 ut
787 3126 1004 3185 coniuratormn
1032 3125 1151 3186 decreta
1182 3144 1286 3201 cogno-

201 3233 317 3287 scerent
337 3228 369 3286 in
396 3246 487 3287 unum
511 3228 608 3288 locum
628 3229 810 3288 convenisse.
853 3228 906 3286 Sin
926 3228 1032 3306 minus,
1054 3233 1196 3304 quantum
1214 3235 1286 3308 erat,

202 3329 266 3388 sive
286 3346 340 3406 per
356 3329 468 3408 literas,
491 3330 555 3390 sive
573 3348 626 3409 per
647 3331 778 3410 nuncios,
799 3332 956 3391 nonnullos
978 3331 1105 3410 denique
1123 3334 1285 3394 coramhu·

202 3434 249 3492 ius
279 3433 323 3493 rei
345 3433 483 3495 certiores
504 3435 630 3496 facere?
673 3434 748 3508 Quis
768 3453 839 3496 vero
856 3455 916 3496 non
933 3438 1067 3512 agnoseit
1084 3438 1116 3496 in
1140 3438 1197 3498 hoe
1217 3457 1285 3517 pru-

201 3539 332 3599 dentiam
350 3541 558 3618 solertiamque
589 3541 749 3619 Ciceronis,
780 3542 832 3617 qui
859 3559 949 3618 quum
973 3542 1063 3602 sciret
1089 3543 1197 3602 multos
1213 3542 1285 3622 fore,

201 3640 252 3715 qui
283 3641 336 3700 alii
356 3641 393 3701 de
414 3642 483 3701 aliis
504 3642 611 3719 causis,
633 3644 659 3701 si
680 3644 745 3720 ipse
772 3643 828 3704 hoc
846 3644 956 3703 crimen
972 3642 1103 3722 referret,
1124 3649 1177 3704 aut
1197 3643 1285 3705 fidem

201 3741 392 3821 denegarent,
412 3747 465 3802 aut
474 3744 527 3801 vix
544 3742 663 3804 eredere
680 3748 809 3822 possent,
829 3749 875 3805 tot
894 3750 1052 3822 tantosque
1065 3751 1158 3807 testes
1168 3748 1212 3808 rei
1223 3753 1284 3808 tam

202 3845 309 3903 atrocis
327 3849 357 3905 et
381 3845 571 3925 incredibilis,
602 3864 680 3923 quae
697 3849 763 3907 luce
795 3847 903 3907 elarius
926 3850 1156 3911 coniurationem
1176 3851 1285 3914 factam

203 3963 269 4007 esse
290 3948 443 4027 indicaret,
464 3952 703 4027 praenunciando
724 3953 782 4011 sibi
806 3954 1029 4030 comparaverit.

126 4135 129 4139 Ι
240 4052 401 4113 Praeterea
418 4055 524 4114 mirum
544 4056 689 4118 Rinkesio
710 4056 831 4137 (nollem
856 4059 946 4118 etiam
963 4060 1080 4139 Bootio)
1101 4061 1227 4139 videtur,
1248 4062 1283 4121 il-

200 4154 245 4213 los
266 4156 382 4230 equites
403 4158 547 4236 exclusos,
570 4176 629 4217 non
650 4164 752 4237 captos
770 4178 836 4221 esse
857 4179 876 4219 a
902 4162 1071 4240 praesidiis.
1111 4163 1282 4241 Impruden-

199 4257 313 4317 tissime
331 4276 401 4318 vero
421 4259 550 4337 prudens
561 4259 671 4321 Consul
682 4264 800 4341 egisset,
823 4264 849 4323 si
862 4264 977 4323 nobiles
986 4264 1129 4344 homines,
1150 4267 1201 4341 qui
1211 4283 1282 4341 qua-

202 4362 228 4419 si
241 4364 401 4425 salutatum
433 4366 472 4425 ad
500 4385 566 4426 eum
584 4368 745 4445 venissent,
766 4386 889 4445 quorum
907 4371 1060 4431 eonsilium
1078 4388 1116 4431 ex
1136 4371 1282 4432 indicibus
