3086 5192
766 446 785 508 3

235 602 387 670 Uioeronis
407 609 565 669 memoriae
587 608 733 685 iniuriam,
754 611 870 667 tantam
891 607 951 665 vim
969 606 1070 666 latinis
1087 587 1182 667 litenis
1200 599 1318 683 impune
1409 677 1411 681 .

237 712 302 772 deri
322 728 381 771 non
393 710 545 771 ferendum
572 714 716 789 putarem,
737 712 802 788 ipse
823 715 923 772 autem
950 728 989 770 ex
1009 710 1128 788 privata
1144 727 1212 770 mea
1232 710 1319 770 disci·

237 814 321 892 plina
336 813 481 891 plurimis,
500 817 535 873 nt
552 814 619 891 scis,
640 812 882 890 occupationibus
901 811 1069 891 impedirer,
1089 813 1239 874 vindictae
1256 831 1319 873 mu·

237 937 294 980 nus
307 919 346 978 ab
367 936 403 978 eo
423 923 592 996 susceptum
613 936 688 997 esse,
709 920 757 979 eui
775 923 806 979 et
827 920 997 994 ceteroquin
1020 919 1052 978 id
1062 919 1137 979 bene
1147 920 1319 980 mandatum

236 1023 448 1101 existimarem,
469 1023 578 1096 quique
591 1026 746 1098 praeterea
766 1022 798 1082 id
819 1040 873 1082 suo
893 1022 957 1083 iure
972 1021 1099 1098 quodam
1120 1022 1206 1082 modo
1223 1022 1321 1083 faeere

239 1125 398 1185 videretur.
440 1124 482 1184 At
501 1124 565 1183 sive
583 1124 634 1184 ille
652 1141 740 1199 quem
760 1124 938 1201 discipulum
959 1124 1029 1183 olim
1050 1123 1205 1184 dilexisset
1224 1123 1321 1182 indul·

239 1228 358 1302 gentius
380 1225 566 1287 tractandum
594 1243 660 1286 esse
690 1227 817 1305 putavit,
849 1227 913 1285 sive
933 1225 1026 1284 nimia
1043 1223 1232 1286 festinatione
1249 1225 1324 1287 illud

238 1350 314 1409 opus
334 1331 468 1411 confecit,
488 1348 666 1406 quamquam
686 1331 781 1390 multa
797 1330 918 1406 quidem
938 1335 1018 1390 reete
1033 1330 1193 1405 castigavit
1213 1329 1320 1390 etred*

241 1435 349 1514 arguit,
379 1435 466 1511 plura
492 1439 593 1494 tamen
620 1432 848 1510 reprehensione
880 1432 972 1508 digna
993 1433 1128 1494 omisisse
1148 1434 1222 1493 mihi
1241 1432 1323 1493 vide*

240 1540 337 1616 batur,
358 1537 504 1613 quaedam
525 1537 616 1597 etiam
636 1537 734 1594 minus
755 1535 830 1595 bene
848 1536 913 1612 ipse
933 1535 1116 1612 exposuisse.
1138 1533 1237 1608 Quum
1254 1554 1325 1611 ergo

241 1656 429 1715 nequaquam
450 1638 617 1698 absolutam
648 1638 851 1713 quaestionem
872 1655 939 1697 esse
966 1655 1063 1714 neque
1080 1636 1220 1698 honorem
1241 1656 1327 1700 suum

242 1741 369 1802 orationi
399 1741 568 1801 restitutum
595 1739 743 1818 viderem,
775 1740 813 1799 ab
842 1740 938 1801 altera
968 1745 1068 1801 autem
1084 1746 1170 1818 parte
1187 1759 1207 1800 a
1226 1742 1329 1802 multis

243 1847 475 1924 disputationem
505 1845 589 1904 illam
616 1846 738 1905 summis
759 1844 897 1904 laudibus
919 1845 1015 1905 efferri
1037 1846 1178 1927 audirem,
1199 1865 1255 1908 nec
1275 1847 1327 1907 du·

244 1951 334 2012 bitari
365 1951 437 2025 quin
465 1955 560 2008 actum
591 1954 663 2008 essct
683 1950 719 2007 de
741 1948 887 2008 luculento
905 1949 961 2009 illc
982 1949 1130 2009 motione:
1151 1951 1328 2027 indignatio-

244 2074 313 2116 nem
329 2072 389 2113 non
405 2055 504 2114 ferens
525 2054 657 2114 aestivas
677 2054 776 2131 ferias,
798 2072 873 2128 quas
894 2055 993 2117 auimo
1013 2056 1184 2132 corporique
1195 2074 1328 2117 recrean·

245 2160 292 2219 dis
324 2160 400 2218 alias
431 2176 479 2217 me
505 2158 577 2217 dare
605 2175 691 2216 nemo
719 2157 806 2217 facile
827 2157 968 2235 invideat,
989 2176 1067 2219 nuno
1087 2159 1157 2220 huic
1174 2162 1255 2237 operi
1276 2163 1329 2220 im-

245 2263 374 2343 pendere
405 2262 532 2323 decrevi.
563 2261 656 2321 Ouius
686 2261 811 2322 fructum
842 2261 952 2320 laboris
973 2262 1033 2321 iam
1050 2265 1254 2324 munusculum
1274 2266 1330 2325 tibi

244 2369 371 2430 offerens
391 2367 472 2444 typis
493 2365 718 2446 describendum
739 2365 1011 2441 divulgandumque
1033 2384 1097 2426 sum
1119 2373 1282 2448 curaturus,
1299 2375 1330 2431 et

240 2477 297 2533 tuo
328 2476 359 2532 et
389 2475 552 2531 ceterorum
585 2450 687 2529 latinis
709 2470 804 2529 literis
825 2469 900 2528 bene
919 2470 1099 2545 cupientium
1120 2471 1229 2532 iudicio
1242 2475 1330 2534 relin⁴

245 2592 349 2652 quens,
370 2573 513 2650 numquid
531 2574 567 2632 de
586 2572 646 2631 illis
663 2572 758 2632 literis
779 2571 854 2631 bene
881 2571 1003 2631 meritus
1026 2589 1092 2633 esse
1113 2577 1203 2649 atque
1224 2593 1331 2653 operas

248 2678 376 2754 pretium
396 2676 503 2736 fecisse
530 2674 642 2734 videar.

287 2779 348 2843 Sed
365 2797 403 2838 ne
423 2779 498 2838 forte
518 2780 627 2838 mirere
644 2779 768 2839 alteram
789 2781 927 2843 continuo
938 2780 1148 2859 disputationis
1158 2789 1273 2860 partem
1283 2804 1331 2846 me

246 2883 379 2961 aggredi,
410 2881 545 2959 priorem,
576 2881 608 2938 in
639 2898 699 2955 qua
729 2887 829 2942 tamen
860 2884 950 2942 etiam
970 2886 1116 2959 quaedam
1133 2888 1206 2947 mihi
1227 2890 1332 2950 obesse

246 2987 382 3067 dixerim,
410 2987 553 3047 intactam
569 2986 745 3064 rellnquere,
765 2985 855 3045 huius
871 2987 916 3046 rel
936 3003 1043 3049 causas
1059 2989 1189 3051 breviter
1204 2992 1260 3051 tibi
1281 3011 1330 3052 ex-

240 3108 364 3171 ponam.
405 3090 505 3150 Primo
533 3089 612 3149 enirn
633 3089 780 3147 vindicias
801 3105 892 3166 meas,
914 3090 1042 3165 quasin
1063 3094 1264 3153 commentarii
1274 3093 1330 3154 for-

248 3214 326 3259 mam
344 3194 455 3273 redegi,
476 3200 510 3254 ut
530 3212 589 3255 non
606 3195 702 3254 solum
719 3210 796 3269 quae
817 3191 886 3253 ficta
907 3194 1031 3254 crimina
1050 3194 1152 3256 delata
1168 3203 1270 3259 essent
1286 3200 1330 3259 di-

248 3303 370 3379 luerem,
391 3300 445 3360 sed
461 3300 512 3359 ubi
531 3316 604 3376 opus
622 3302 702 3359 esset
718 3316 816 3358 meam
834 3297 899 3375 ipse
917 3316 1095 3376 apponerem
1115 3303 1330 3380 interpretatio-

248 3420 325 3484 nem,
353 3420 478 3479 eamque
509 3402 579 3461 aliis
611 3405 744 3461 veterum
775 3405 806 3460 et
830 3401 924 3477 ipsius
940 3400 1090 3463 Ciceronis
1111 3405 1239 3466 marlino
1259 3407 1332 3468 loeis

248 3508 373 3587 probare
393 3522 523 3585 conarer,
544 3505 576 3573 in
593 3508 709 3564 tantum
729 3506 833 3563 audes
854 3520 920 3563 esse
933 3503 1080 3582 videbam,
1101 3511 1143 3581 ut,
1163 3524 1254 3583 quum
1271 3509 1331 3568 iam

131 3665 132 3668 ,
249 3611 451 3673 commentarii
468 3609 586 3669 modum
603 3609 691 3682 longe
712 3607 898 3686 excederent,
919 3624 957 3667 ne
978 3608 1101 3666 nimium
1121 3609 1245 3671 lectores
1263 3612 1330 3674 sati-

250 3733 361 3792 garem,
392 3714 479 3791 plura
497 3710 616 3787 quidem
638 3708 774 3768 addenda
792 3726 851 3768 non
875 3726 942 3769 esse
960 3710 1164 3785 intelligerem.
1206 3715 1332 3797 Deinde,

250 3836 309 3895 quo
325 3817 443 3877 facilius
459 3815 512 3874 illo
532 3813 633 3873 labore
654 3812 885 3891 supersederem,
906 3830 996 3888 quum
1017 3820 1140 3876 externa
1150 3826 1333 3901 argumenta,

250 3919 414 3996 dequibus
433 3916 615 3992 ingeniosius
633 3930 722 3993 saepe
744 3932 832 3990 quam
853 3915 953 3975 verius
971 3918 1147 3992 excogitatis
1165 3922 1204 3980 ad
1224 3928 1333 3984 utram-

251 4042 309 4101 que
334 4026 448 4100 partem
479 4019 625 4097 disputari
638 4018 811 4095 plerumque
827 4022 934 4096 potest,
956 4019 1086 4095 aliquam
1104 4022 1250 4083 interdum
1267 4045 1333 4103 pro-

251 4127 447 4202 habilitatem,
485 4127 597 4185 eertum
635 4121 777 4183 indicium
809 4121 871 4182 fere
898 4139 1050 4198 nunquam
1076 4125 1181 4186 afferre
1209 4129 1334 4210 soleant,

252 4232 344 4292 multo
371 4228 493 4289 minoris
520 4245 559 4286 ea
586 4225 726 4285 momenti
744 4241 810 4284 esse
832 4225 984 4305 ducebam,
1005 4244 1094 4303 quam
1111 4229 1206 4307 ipsum
1227 4234 1334 4295 oratio-

252 4353 327 4414 nem,
359 4354 397 4396 ex
427 4350 496 4411 qua,
526 4331 584 4392 nisi
609 4330 703 4408 fallor,
730 4329 850 4391 abunde
867 4329 923 4390 hoc
940 4330 1133 4394 demonstrari
1150 4340 1256 4416 potest,
1277 4357 1336 4401 non

1160 4436 1197 4494 1*
