3086 5192
774 470 812 525 62

253 625 351 703 modo)
372 625 549 685 cohaereant
570 644 627 684 nou
648 631 693 684 est
713 626 920 703 perspicuum''
943 632 998 685 cet.
1022 627 1108 702 quasi
1115 628 1215 703 priora
1230 629 1339 704 optimc

251 732 453 809 perspexerit!
495 729 555 789 Sed
576 731 614 789 de
638 729 686 789 his
714 731 745 789 in
774 730 833 789 fine
855 731 962 806 capitis
985 747 1117 810 agemus,
1138 732 1191 791 ubi
1207 732 1247 792 ad
1265 734 1338 793 istas

252 835 414 895 sententias
431 833 661 912 pervenerimus,
681 834 764 909 prius
785 831 940 892 videamus
951 832 988 892 dc
1000 833 1047 911 iis,
1060 850 1137 909 quae
1148 835 1337 910 praecedunt.

290 1045 312 1121 ξ
334 1044 383 1104 25.
403 1061 457 1121 qao
475 1049 501 1101 to
525 1050 575 1100 taa
592 1042 736 1118 cupiditas
757 1040 898 1117 rapiebat.
943 1041 1117 1118 „Cupiditas
1138 1042 1213 1103 solet
1231 1044 1338 1104 dicide

250 1147 392 1222 avaritia,
419 1145 543 1204 libidine
568 1149 624 1204 oet.
656 1145 675 1202 i.
703 1162 729 1203 e.
751 1144 788 1203 de
806 1145 844 1203 iis
865 1145 963 1221 rebus,
985 1145 1093 1220 quibus
1118 1149 1230 1205 certum
1258 1149 1336 1208 obie-

250 1256 329 1310 ctum
349 1255 404 1327 est,
425 1253 458 1308 ut
478 1267 506 1306 v.
528 1267 553 1308 c.
575 1248 665 1306 etiam
682 1246 838 1306 diciturde
859 1246 958 1306 studio
982 1248 1111 1324 partimn
1128 1281 1169 1292 -
1190 1250 1233 1308 sic
1253 1251 1333 1326 cupi·

250 1355 329 1414 ditas
346 1359 376 1413 et
397 1353 557 1412 avaritiae
578 1351 719 1411 Cicerone
734 1351 854 1428 saepius
873 1352 1091 1426 coniunguntur
1114 1369 1144 1411 v.
1163 1369 1188 1411 c.
1209 1353 1241 1410 in
1252 1351 1334 1412 Orat.

248 1481 278 1538 p.
300 1459 369 1519 Sex.
390 1458 498 1517 Roscio
520 1457 567 1535 35,
590 1456 610 1533 ξ
635 1455 722 1515 101.”
744 1458 781 1515 R.
802 1489 842 1498 -
862 1454 922 1514 Our
940 1456 980 1533 id,
1002 1456 1039 1515 de
1061 1473 1119 1532 quo
1144 1473 1230 1515 nemo
1246 1457 1334 1516 facile

249 1559 406 1637 dubitabit,
427 1560 517 1618 ctiam
538 1559 673 1635 exemplo
692 1557 921 1617 confirmandum
938 1562 1083 1636 putasset,
1104 1559 1199 1634 primo
1216 1576 1276 1617 non
1291 1560 1334 1616 vi-

248 1664 376 1741 debamp
399 1680 468 1721 mox
499 1679 569 1721 vero
598 1663 663 1737 ipse
696 1661 820 1737 aperuit,
841 1660 962 1720 dicens:
987 1678 1091 1737 „quem
1109 1662 1206 1720 locum
1227 1662 1335 1721 ideirco

248 1767 345 1843 laudo,
377 1771 411 1824 ut
433 1769 520 1841 turpe
547 1765 695 1837 glossema
726 1763 863 1840 indicem,
884 1764 963 1838 quod
984 1763 1017 1821 ia
1037 1763 1144 1823 1111111
1175 1766 1284 1840 legitor
1303 1767 1334 1824 in

247 1873 295 1930 his
322 1870 440 1929 verbis:
470 1867 558 1926 babeo
587 1867 674 1926 etiam
700 1867 803 1945 elicere,
824 1885 907 1945 qaam
924 1874 1025 1927 coatra
1045 1886 1152 1928 marcor
1173 1869 1333 1948 11111111,

247 1975 385 2033 mitiorem
406 1971 493 2030 aureis
513 1971 665 2047 seaapr'ata
689 1971 724 2029 de
742 1977 829 2048 pareto
850 1971 882 2028 r'a
906 1970 1031 2030 Tiberim
1044 1972 1198 2031 deiecerit:
1220 1974 1270 2033 ubi
1282 1973 1333 2032 ad-

246 2078 332 2138 iectis
359 2075 392 2133 ia
415 2073 540 2133 Tiberim
557 2091 613 2151 res,
635 2091 711 2151 quae
733 2075 765 2133 in
788 2075 906 2134 comitio
926 2074 1006 2135 facta
1028 2080 1093 2152 est,
1115 2078 1189 2136 satis
1210 2077 1334 2137 ridicule

246 2178 285 2239 ad
310 2178 435 2237 fluvium
467 2176 671 2237 transfertur.”
712 2178 760 2235 En
790 2194 867 2235 novo
895 2194 933 2236 ex
957 2178 1018 2236 alia
1045 2179 1177 2238 oratione
1199 2179 1333 2241 desumto

245 2284 382 2359 exemplo
403 2282 622 2357 comprobatum
642 2281 736 2358 vides,
758 2298 847 2357 quam
874 2286 985 2341 temere
1002 2282 1133 2342 iudicare
1155 2284 1206 2343 illc
1225 2285 1331 2362 soleat,

245 2407 391 2467 quamque
411 2406 515 2466 parum
536 2388 587 2448 det
604 2405 723 2466 operam
740 2392 774 2447 ut
791 2393 924 2447 veterum
946 2389 1057 2464 scripta
1077 2394 1156 2450 recte
1171 2390 1330 2464 intelligat.

244 2491 301 2552 Res
328 2491 361 2550 ia
389 2490 501 2550 comitto
529 2490 611 2566 facta
636 2491 677 2549 ad
696 2490 815 2567 [1111111
836 2490 1042 2566 transfertur?
1082 2492 1163 2566 Ergo
1179 2510 1238 2551 non
1255 2492 1332 2551 vidit

244 2597 365 2658 caedem
393 2596 432 2654 ab
458 2598 572 2654 oratore
597 2594 645 2652 his
669 2595 768 2653 verbis
793 2595 881 2654 obiici
906 2596 943 2654 Τ.
965 2595 1112 2677 Capitoni,
1134 2599 1185 2674 qui
1203 2599 1332 2675 aliquem

243 2701 281 2760 de
299 2705 388 2778 ponte
405 2699 537 2758 Sublicio
555 2698 652 2757 aliove
670 2698 701 2756 in
724 2699 857 2757 Tiberim
886 2698 1055 2761 deiecerit?
1078 2703 1157 2777 quod
1174 2708 1274 2763 tamen
1292 2719 1331 2761 ex

242 2806 289 2883 iis,
311 2822 387 2881 quae
407 2803 539 2880 proxim
557 2802 746 2880 praecedant,
768 2803 795 2861 si
813 2804 918 2864 saltem
936 2823 973 2864 ea
990 2806 1073 2883 legit,
1095 2807 1262 2881 intelligere
1279 2808 1330 2867 de-

242 2908 323 2966 buit:
347 2905 478 2980 „nubum
495 2905 613 2964 modum
632 2923 697 2965 esse
719 2906 847 2965 hominis
862 2908 1023 2984 occidendi,
1044 2927 1102 2983 quo
1120 2910 1172 2967 ille
1194 2926 1252 2967 nou
1274 2911 1329 2968 ali·

243 3016 315 3090 quot
336 3011 495 3090 occiderit3
517 3012 625 3071 multos
643 3013 728 3089 ferro,
750 3014 858 3070 multos
879 3030 1001 3070 veneno.
1044 3013 1149 3069 Habeo
1170 3013 1261 3071 etiam
1283 3013 1328 3071 di-

242 3137 308 3193 cere
329 3108 405 3178 cet.'’
446 3117 542 3176 Plane
564 3116 656 3189 igitur
672 3116 820 3173 contraria
840 3116 963 3191 ratione,
984 3133 1073 3190 quam
1095 3115 1168 3175 dicit
1188 3117 1327 3177 Rinkesi·

242 3239 286 3299 ns,
306 3238 362 3298 ros,
380 3236 453 3297 qaae
473 3219 505 3277 ia
527 3217 613 3294 [11111
645 3216 727 3292 sacta
745 3221 794 3294 est,
813 3234 868 3293 per
889 3216 1021 3276 acerbata
1038 3217 1165 3277 irora'ara
1182 3220 1221 3278 acl
1242 3222 1327 3280 comi-

242 3322 285 3380 tia
316 3319 502 3395 transfertur.
545 3318 659 3391 Quodsi
687 3336 734 3378 me
759 3336 855 3398 rogas,
887 3339 956 3379 num
980 3322 1126 3381 servanda
1143 3323 1252 3384 idcirco
1273 3343 1326 3402 pu·

240 3431 301 3486 tem
327 3423 419 3483 verba
449 3420 482 3478 ia
512 3419 664 3480 Tiberim?
689 3421 764 3481 Mihi
782 3439 936 3500 quoquae
963 3424 1063 3498 glossa
1088 3424 1119 3483 in
1147 3430 1261 3487 textum
1288 3427 1326 3484 ir-

239 3530 369 3609 repsisse
390 3527 443 3585 illa
464 3525 611 3605 videntur,
633 3526 704 3603 quia
721 3527 769 3585 his
787 3528 904 3586 omissis
925 3529 1089 3602 elegantior
1109 3527 1162 3590 fiat
1176 3531 1327 3609 allegoria,

240 3651 296 3694 nco
315 3637 416 3692 tamen
430 3629 569 3707 prudenti
586 3629 736 3689 sententia
767 3630 925 3689 obscurior.
968 3629 1028 3689 Sed
1042 3631 1093 3707 qui
1113 3630 1177 3690 fieri
1188 3633 1326 3710 potuerit,

241 3743 274 3798 ut
302 3737 439 3815 apposita
470 3735 560 3794 etiam
589 3733 646 3794 hae
676 3736 918 3811 interpretatione
943 3755 962 3794 a
987 3755 1058 3796 vera
1083 3740 1231 3797 sententia
1260 3738 1327 3814 quis

241 3841 400 3917 aberraret,
420 3856 517 3914 nequo
530 3840 755 3899 translationem
776 3846 958 3919 agnosceret,
986 3842 1120 3900 miraculi
1139 3843 1234 3903 instar
1253 3843 1326 3902 mihi

240 3945 336 4005 videri
363 3945 465 4003 fateor.
507 3944 581 4002 Post
613 3943 690 4003 hane
719 3945 932 4017 digressionem
954 3946 992 4004 ad
1018 3948 1197 4024 propositam
1221 3966 1325 4025 quaes-

239 4052 351 4112 tionem
381 4047 467 4107 redit.
513 4044 693 4119 „Videamus
722 4065 799 4106 nunc
827 4049 866 4107 ad
895 4067 983 4125 quam
1022 4067 1084 4108 rem
1126 4058 1226 4110 nostro
1262 4052 1325 4110 loco

240 4154 385 4217 trahenda
416 4153 455 4211 sit
479 4152 532 4210 illa
553 4150 720 4227 cupiditas:
741 4150 797 4210 tals
816 4153 930 4212 11111111
952 4152 1118 4232 aliquando,
1150 4174 1204 4233 qao
1223 4161 1248 4213 to
1265 4156 1325 4214 a'ara

238 4260 353 4339 pridem
380 4257 437 4315 ista
469 4262 518 4315 taa
550 4255 694 4332 copiditas
712 4255 855 4333 effrenata
893 4275 928 4317 ao
956 4256 1070 4331 furiosa
1095 4259 1245 4336 rapiebat:
1273 4259 1324 4321 ubi

241 4380 403 4426 sermonem
425 4377 490 4425 esse
518 4360 555 4423 do
587 4361 692 4421 castris
707 4361 858 4421 Mallianis
877 4362 910 4420 iu
932 4361 1032 4437 aprico
1053 4365 1100 4423 est
1120 4361 1268 4440 oaldiiqac
1289 4360 1323 4439 (l.
