3086 5192
754 453 791 510 92

220 608 259 667 bo
273 607 400 668 iactatur
414 606 545 668 eodem.’'
587 606 684 669 Aliter
703 611 804 688 paullo
825 611 1036 686 interpretatur
1052 609 1097 689 B,
1118 610 1166 671 cui
1182 610 1311 672 fortasse

219 710 300 772 celsi
321 711 396 770 illud
410 711 441 770 in
461 710 559 771 animo
581 716 656 790 erat,
677 713 718 792 Π,
733 716 771 772 4:
785 713 875 788 ,Mali
888 711 982 772 morbi
992 713 1193 774 testimonium
1211 719 1309 775 est-

220 811 332 874 iactare
346 812 485 874 bracchia
511 818 541 874 et
558 815 676 874 crura.'’

258 1021 329 1081 ciris
349 1022 480 1101 reliquis.
523 1024 610 1097 ,Non
626 1029 706 1085 recte
728 1025 909 1104 comparatio
928 1025 1072 1105 procedit,
1091 1044 1160 1086 nam
1181 1043 1240 1086 non
1260 1045 1307 1085 re-

220 1126 307 1206 liquis
327 1127 398 1187 eicis
419 1127 576 1188 dicendum
604 1128 718 1208 satiaret,
739 1129 793 1189 sed
813 1130 935 1208 reliquis
957 1129 1186 1208 sapastitttas.”
1207 1130 1245 1190 R.
1265 1162 1308 1173 -

217 1231 288 1290 Vim
304 1232 471 1305 argumenti
491 1247 551 1290 non
570 1231 665 1310 capio,
686 1233 745 1292 nisi
762 1233 837 1294 forte
856 1235 887 1293 in
904 1234 1025 1294 Ernesti
1046 1251 1174 1294 errorem
1191 1232 1305 1311 incidit,

217 1334 269 1410 qui
297 1334 426 1395 dativum
456 1353 522 1396 esse
551 1339 661 1413 putans
692 1342 859 1413 corruptam
880 1338 1037 1398 lectionem
1058 1338 1183 1415 arripuit
1200 1336 1307 1396 civibus

216 1434 347 1516 reliquis.
389 1435 485 1509 Quem
504 1437 659 1498 Bootiusa
679 1439 759 1499 iusta
769 1439 870 1499 Wolfii
890 1439 1118 1518 reprehensione
1135 1439 1305 1518 defendens,

215 1539 295 1601 hunc
322 1540 481 1602 dormitare
513 1542 586 1602 dicit
606 1543 652 1603 ita
683 1544 902 1621 explicantem:
924 1544 951 1603 si
971 1543 1041 1604 socii
1061 1544 1123 1604 cias
1144 1543 1306 1603 incivitate

216 1644 413 1704 reomaebaat.
453 1644 574 1704 lllallem
605 1645 638 1704 ia
668 1646 727 1706 cita
758 1647 903 1726 ffimsset3
936 1648 989 1708 sed
1016 1653 1117 1709 tamen
1137 1653 1217 1709 recte
1238 1665 1306 1707 eum

215 1748 327 1809 vidisse
349 1750 422 1810 satis
434 1749 620 1824 intelligitur.
641 1752 742 1810 Verba
758 1753 838 1812 enim
865 1751 935 1811 aivis
956 1752 1078 1832 reliquia
1092 1753 1200 1831 opponi
1220 1771 1307 1831 prac-

216 1852 390 1913 cedentibus
420 1851 506 1912 irtiaa
533 1869 637 1932 poeaa,
658 1854 741 1912 nulla
762 1859 831 1928 eget
851 1855 1061 1932 disputatione.
1101 1856 1185 1915 Haec
1206 1859 1306 1915 autem

215 1954 395 2033 respondent
414 1955 491 2014 illis:
535 1955 667 2029 ,Quodsi
691 1974 729 2016 ex
756 1961 818 2017 toto
849 1957 1004 2017 latrocinio
1036 1958 1093 2018 iste
1121 1974 1199 2017 unus
1219 1957 1306 2016 tolle-

215 2058 292 2137 tur,''
313 2062 403 2134 atque
420 2058 464 2118 ita
480 2057 632 2118 indicant:
654 2058 739 2118 istius
763 2065 862 2138 morte,
893 2061 941 2120 cui
958 2060 1102 2136 quomodo
1119 2060 1197 2118 male
1214 2077 1302 2137 oppo-

215 2165 304 2222 natur
323 2160 394 2220 ciris
413 2159 535 2238 reliquis
550 2159 675 2240 (sociis),
696 2165 726 2222 et
747 2179 799 2222 cur
823 2160 980 2223 dicendum
1001 2162 1041 2223 sit
1062 2161 1183 2240 reliquis
1204 2179 1306 2237 caper*

216 2266 338 2346 alitibus,
359 2284 418 2328 non
438 2265 535 2326 video.

256 2477 450 2540 vehementiae
469 2480 655 2558 inpraoeacct.
699 2481 816 2556 ,Verbo
837 2480 1055 2558 iapraocsceadi
1068 2481 1129 2541 iam
1149 2480 1301 2557 inestsig-

214 2581 345 2643 nificatio
365 2583 503 2662 augendi,
530 2584 574 2644 ita
600 2588 634 2645 ut
655 2583 830 2660 iapravescit
857 2584 973 2644 mabar
993 2585 1149 2664 significet,
1169 2585 1302 2645 morbum

213 2683 278 2745 ficri
304 2684 562 2747 vehementiorem.
605 2685 757 2759 Quomodo
788 2686 838 2747 hic
862 2687 954 2761 igitur
974 2686 1044 2748 huic
1068 2688 1159 2749 verbo
1180 2687 1302 2765 adiungi

213 2788 308 2866 possit
338 2788 531 2849 vehementiae
555 2807 614 2849 non
634 2788 750 2851 video.''
771 2790 808 2849 R.
829 2823 870 2833 -
891 2790 995 2851 Facile
1017 2791 1145 2852 concedo
1163 2792 1222 2852 dici
1242 2809 1302 2851 non

213 2909 321 2971 posse:
352 2892 486 2952 morbum
513 2891 706 2953 oeberaeatiac
740 2892 975 2954 vehementiorem
1002 2892 1087 2973 fieri3
1115 2895 1202 2955 modo
1229 2894 1302 2954 mihi

213 2997 399 3077 concedatur,
419 2998 544 3058 multum
560 2997 616 3058 hoc
633 2998 750 3059 differre
772 3018 791 3058 a
810 2998 1003 3058 veliementior
1023 2999 1228 3075 iepraocrcere.
1260 3001 1302 3060 Ut

213 3101 292 3161 enim
312 3100 511 3179 inclarescere,
533 3100 717 3180 iaaotescere,
749 3101 952 3180 irraacescere,
973 3102 1035 3160 alia
1052 3105 1157 3161 notant
1177 3100 1300 3179 claram,

213 3210 320 3282 aotam,
348 3222 471 3264 raucam
501 3203 567 3281 fieri
594 3209 662 3284 cet,
681 3205 725 3264 sic
742 3204 1035 3282 verbi'iapraoescere
1052 3206 1171 3283 propria
1188 3205 1301 3280 signifi-

213 3307 291 3366 catio
307 3311 354 3365 est
366 3322 482 3381 praeeat
494 3305 569 3382 fieri,
590 3305 698 3365 deinde
721 3325 863 3385 crescere,
875 3307 987 3386 augeri,
998 3325 1166 3385 augescere.
1187 3305 1302 3382 Quodsi

212 3409 310 3470 dicere
327 3424 414 3467 nemo
435 3406 584 3467 dubitabit
603 3424 632 3465 v.
648 3423 673 3465 c.
693 3424 765 3484 opcs
783 3408 867 3467 valde
884 3414 1040 3489 augentur,
1062 3410 1145 3470 dolor
1155 3409 1301 3470 111111111-

212 3518 256 3573 ter
273 3512 386 3592 crescit,
408 3529 460 3573 cur
479 3526 651 3587 nonaeque
673 3509 754 3570 dicat
774 3509 890 3570 morbae
910 3511 1090 3571 oebemeater
1110 3512 1301 3589 iapraoescit?

210 3621 275 3680 Iam
295 3617 326 3678 h.
353 3619 381 3677 1.,
406 3618 438 3677 in
459 3615 688 3695 comparatione,
709 3632 799 3694 quum
820 3615 980 3694 praecedat
995 3615 1114 3693 pravior
1130 3616 1300 3676 111111111ῑί-

209 3742 300 3802 asque
321 3720 515 3799 afflictaretur,
536 3720 647 3798 optimo
668 3720 732 3780 iure
753 3720 813 3780 dici
834 3720 992 3782 existimo:
1014 3721 1057 3781 sic
1072 3719 1301 3781 hicmorbus—

209 3825 402 3886 oebemeatiar
417 3824 594 3900 inpraoescet
619 3857 660 3867 -
680 3824 773 3883 Nulla
800 3823 892 3900 igitur
909 3841 1000 3885 causa
1019 3821 1112 3884 iusisse
1128 3822 1203 3883 mihi
1218 3824 1302 3885 vide·

209 3937 258 3993 tur
278 3935 312 3992 ut
333 3929 456 3989 Boetius
481 3928 653 4003 corrigeret:
699 3930 869 4003 ,relevatus
894 3930 982 3991 istius
1010 3947 1107 4007 poena
1136 3928 1301 4007 oebaaeati,

210 4034 298 4098 salcis
321 4032 444 4112 reliquis
464 4030 679 4107 ingravescet''

257 4245 349 4322 §32
384 4240 542 4302 8111111111
574 4230 604 4300 re
625 4258 644 4300 a
668 4239 756 4300 bonis.
780 4258 857 4316 „non
875 4246 956 4303 recto
977 4258 1010 4302 se
1026 4241 1127 4303 habet.
1168 4241 1301 4303 81111111-

209 4346 369 4410 musenim
390 4361 468 4423 quae
483 4348 574 4404 antea
596 4344 755 4405 commixta
775 4348 806 4404 et
830 4344 952 4406 confusa
974 4350 1068 4424 erant,
1090 4345 1168 4423 quod
1185 4363 1301 4424 semper
