3086 5192
763 465 802 525 48

249 630 326 690 urrini
355 627 546 708 supellectili?
580 627 628 686 An
655 626 760 685 melius
792 625 867 684 forte
895 622 969 683 illud
990 620 1067 680 caclit
1088 618 1119 678 iu
1141 636 1209 680 eum
1226 619 1330 700 locum,

250 751 337 811 quem
368 733 494 807 legimus
525 732 556 788 in
578 730 678 789 Vatin.
702 731 749 805 16,
771 726 834 786 39?
859 725 910 801 ,Si
928 734 1055 785 strumae
1075 724 1203 802 denique
1225 725 1264 784 ab
1282 742 1331 784 ore

250 836 381 913 improbo
402 833 609 911 demipraruut,
631 836 661 891 et
679 831 747 890 aliis
768 832 828 889 iam
840 848 873 889 se
893 829 967 888 locis
988 828 1333 906 collocaruntl’kDoeeat

250 943 342 1017 igitur·
361 941 460 1019 Rink,
482 958 545 999 eum
562 955 619 1017 qua
634 938 754 999 tandem
773 935 945 1013 supellectili
963 941 1089 994 strumae
1106 934 1175 994 illae
1193 933 1225 993 iri
1240 933 1333 993 alium

253 1044 345 1103 lacum
363 1042 540 1103 transierint.

293 1252 342 1311 secl
373 1268 459 1329 quam
491 1250 573 1325 loripe
596 1249 750 1309 amatura
779 1262 892 1308 carcere
910 1280 949 1290 -
967 1240 1064 1306 abesse
1081 1246 1190 1305 debere.
1231 1248 1267 1307 Iu
1284 1247 1332 1307 his

252 1374 328 1435 quae
370 1356 482 1415 intacta
522 1355 641 1431 reliquit
667 1356 713 1431 R,
745 1354 802 1411 duo
826 1354 963 1412 Bootium
991 1352 1155 1411 offendunt:
1186 1352 1333 1429 particula

253 1460 302 1519 sed
323 1464 353 1519 et
373 1457 495 1517 verbnm
516 1456 704 1524 delere;nam
722 1455 848 1514 tertium:
872 1459 1034 1532 ,postremo
1055 1459 1089 1514 ut
1106 1472 1151 1531 ea,
1163 1472 1332 1533 quaeprae-

253 1563 362 1623 cedunt
392 1578 526 1638 quaeque
552 1563 723 1637 sequuntur,
753 1558 828 1617 haec
847 1575 962 1635 quoque
984 1557 1023 1616 ad
1040 1556 1200 1618 Catilinam
1215 1576 1334 1619 conver·

253 1667 344 1728 tenda
371 1665 483 1742 erant,”
510 1668 563 1723 aut
580 1682 646 1723 curn
664 1663 760 1740 prium
780 1662 928 1741 cohaeret,
949 1667 1001 1721 aut
1025 1662 1097 1738 quid
1117 1663 1191 1722 velit
1211 1681 1270 1722 non
1290 1664 1332 1722 in-

253 1772 366 1845 telligo.
413 1770 493 1843 Ergo
520 1770 616 1828 locum
633 1769 677 1828 ita
697 1768 830 1841 corrigit:
854 1767 940 1841 ,Dia
962 1784 1050 1844 quam
1071 1767 1158 1841 longe
1178 1767 1334 1828 videtura

254 1891 370 1937 carcere
398 1877 488 1949 atque
520 1872 645 1931 vinculis
666 1872 780 1948 abesse,
801 1870 852 1945 qui
873 1887 906 1928 se
921 1868 1004 1946 ipse''
1026 1875 1082 1929 cet.
1122 1870 1262 1949 Primum,
1284 1888 1336 1930 cur

254 1976 391 2054 displicet
410 1976 556 2053 particula
577 1974 647 2033 secl?
668 1992 737 2032 narn
755 1991 842 2032 aures
855 1976 934 2032 certe
954 1991 1020 2032 eam
1038 1972 1185 2033 offendere
1205 1991 1334 2033 nonma-

254 2081 302 2156 gis
318 2087 399 2159 puto,
421 2097 508 2157 quarn
529 2078 594 2138 elic:
616 2095 702 2156 quum
717 2077 815 2153 loupe;
837 2096 892 2138 nee
910 2076 1070 2154 quidquam
1086 2078 1228 2155 impedire
1238 2078 1335 2157 video,

254 2184 494 2263 quominushaec
509 2200 624 2261 qnoque
636 2183 675 2241 acl
689 2181 845 2240 Catilinam
873 2188 1081 2259 cmieertaritur,
1102 2199 1191 2258 quum
1213 2201 1249 2242 ea
1269 2201 1335 2259 par·

252 2289 347 2348 tioula
374 2305 433 2346 non
461 2287 557 2345 minus
579 2303 668 2361 quam
689 2284 962 2360 nutemeopulandi
981 2286 1030 2345 vel
1051 2285 1188 2344 nectendi
1205 2287 1265 2344 vim
1283 2285 1335 2344 ha-

255 2392 333 2468 beat,
364 2391 514 2466 multoque
542 2390 638 2466 aptior
657 2387 795 2446 videatur
815 2387 854 2446 ad
875 2388 980 2447 seriem
1002 2390 1213 2449 sententiarum
1233 2387 1335 2448 finien-

255 2495 332 2572 dam,
354 2512 442 2570 quam
460 2493 515 2571 elic,
537 2493 615 2553 unde
633 2509 742 2551 novum
759 2492 860 2568 potius
877 2493 973 2552 locum
995 2495 1064 2553 oriri
1085 2500 1248 2574 exspectes,
1260 2494 1337 2571 qnod

255 2599 343 2672 longe
371 2614 456 2657 secus
482 2601 536 2675 est,
564 2614 654 2673 quum
685 2616 754 2658 mox
783 2601 925 2675 sequatur
939 2599 1099 2658 conclusio:
1123 2597 1226 2672 „Quae
1247 2616 1338 2676 quum

255 2701 299 2760 ita
320 2702 388 2778 sint,
409 2700 557 2759 Catilina''
577 2705 631 2760 cet.
654 2702 733 2761 Tum
750 2697 855 2762 melius
877 2704 972 2763 omitti
990 2708 1076 2781 putat
1097 2702 1338 2779 verbumclelrere,

253 2804 335 2881 quod
365 2805 414 2863 vel
442 2803 550 2864 idcirco
571 2806 748 2865 servandum
776 2825 842 2867 esse
859 2807 931 2866 mihi
953 2809 1078 2886 videtur,
1099 2809 1170 2884 quia
1197 2827 1255 2868 non
1272 2826 1337 2886 pro·

256 2907 355 2967 babile
383 2907 422 2967 sit
454 2908 492 2967 ab
516 2909 726 2986 interpolatore
748 2910 896 2970 adiectum
923 2908 1016 2970 inisse
1047 2910 1230 2984 vocabulum,
1261 2909 1340 2983 quod

257 3011 449 3072 difficiliorem
470 3013 648 3073 sententiam
665 3013 814 3090 redderet,
835 3012 985 3089 reputanti
1005 3028 1143 3071 veronen
1155 3011 1218 3069 sine
1239 3027 1340 3089 eausa,

257 3117 368 3194 opinor,
399 3134 419 3174 a
436 3115 577 3175 Cicerone
598 3115 733 3174 additum
753 3131 819 3173 esse
840 3112 1004 3189 apparebit.
1045 3114 1114 3172 Non
1135 3113 1213 3172 enim
1230 3118 1263 3173 nt
1292 3131 1340 3175 ac·
1404 3109 1407 3112 ’

257 3224 375 3280 cusator
405 3219 544 3296 postulat,
566 3223 713 3294 nequent
733 3217 824 3276 iudex
843 3217 1023 3296 pronuntiat,
1045 3217 1204 3277 Catilinam
1225 3237 1342 3280 carcere

258 3328 288 3383 et
315 3321 443 3380 vinculis
473 3320 594 3394 dignum
622 3319 732 3398 videri;
762 3319 815 3378 sed
847 3337 885 3380 ex
910 3336 953 3397 eo,
975 3320 1053 3396 quod
1074 3338 1106 3380 se
1124 3321 1188 3397 ipse
1209 3320 1343 3381 custodia

258 3424 380 3498 dignum
411 3422 557 3501 iudicarit,
580 3421 654 3480 illud
672 3423 756 3499 sequi
778 3423 938 3500 existimat,
960 3422 1066 3482 ceteris
1088 3440 1154 3482 enm
1171 3422 1267 3481 videri
1283 3439 1341 3481 non

258 3530 346 3603 longe
389 3546 407 3587 a
428 3542 544 3587 carcere
577 3526 682 3586 abesse
703 3525 820 3604 debere,
838 3544 933 3603 paene
954 3544 1071 3586 carcere
1092 3527 1214 3601 dignum
1231 3526 1340 3586 haben·

258 3633 329 3693 dum
350 3650 425 3693 esse.

299 3739 437 3798 Ceterum
455 3739 487 3797 in
504 3737 552 3797 his
569 3739 668 3798 verbis
686 3742 821 3816 paratam
839 3737 1059 3814 responsionem
1076 3736 1219 3795 habemus
1237 3736 1275 3794 ad
1296 3753 1342 3812 ea,

259 3857 335 3918 quae
367 3839 484 3898 ridendi
510 3857 600 3899 causa
632 3842 663 3898 in
694 3845 838 3900 oratorem
869 3840 941 3899 iacit
961 3842 1012 3899 Rc
1034 3839 1111 3898 iuter
1128 3856 1231 3898 causas
1248 3856 1300 3897 cur
1317 3837 1343 3895 ei

257 3941 499 4019 proficiscendum
516 3948 594 4021 esset,
617 3939 717 4016 festine
738 3942 825 4001 etiam
847 3941 922 4001 harre
939 3943 1099 4003 recenseri:
1123 3941 1300 4017 ,Catilinam
1310 3958 1342 4000 se

260 4048 357 4123 ipsum
378 4045 409 4104 in
427 4043 591 4104 custodiam
609 4045 735 4123 dedisse,
757 4064 816 4121 que
837 4051 915 4105 certe
936 4047 1073 4122 probavit
1094 4045 1342 4122 sibipropositum

261 4167 327 4211 esse
355 4151 387 4210 in
414 4151 486 4210 urbe
514 4150 662 4210 manere.’'
705 4150 901 4227 Nequaquam
929 4151 1008 4210 enim
1039 4153 1117 4211 inter
1134 4166 1240 4211 causas
1257 4146 1343 4226 profi-

261 4256 391 4316 ciscendi
418 4255 495 4315 hauc
526 4240 661 4316 recenset
686 4260 796 4334 orator3
826 4255 878 4316 sed
903 4260 1107 4330 argumentum
1128 4254 1197 4315 inde
1218 4255 1294 4332 petit
1310 4258 1345 4312 nt

261 4360 418 4421 convincat
442 4359 527 4435 quasi
556 4358 724 4437 Catilinam,
746 4359 843 4436 ipsum
864 4376 896 4419 se
915 4359 1029 4419 civitati
1053 4358 1251 4437 periculosum
1268 4355 1344 4416 iudi·
