3086 5192
764 432 802 489 37

283 594 333 646 aot
364 605 421 647 rica
445 587 536 648 totilla
557 593 657 666 postca
689 588 846 648 conamissu.
894 587 1001 648 Mirum
1021 583 1116 645 videri
1137 584 1234 661 debet,
1254 587 1322 660 post

240 707 345 749 sarram
362 691 583 768 simplicemque
596 694 705 752 Mureti
719 693 1000 769 interpretationem:
1024 691 1120 767 ,quod
1141 694 1171 749 et
1182 692 1252 748 nota
1262 688 1322 746 sint

242 797 272 851 et
299 794 392 854 multa
419 795 480 854 alia
496 800 602 873 postea
618 796 797 855 commiserit
812 794 970 873 Catilina,'’
992 794 1029 852 de
1046 793 1149 852 horum
1167 791 1322 851 verborum

241 896 456 971 significatione
484 898 620 959 dubitare
648 917 824 976 quemquam
852 900 993 976 potuisse.
1042 898 1158 956 Tamen
1171 898 1207 955 R.
1228 896 1323 954 multa

241 1003 384 1081 garriens,
406 1002 476 1062 baec
493 1002 571 1061 nibil
593 1002 759 1080 sipaificare
776 1021 810 1062 se
830 1008 934 1079 putare
952 1003 1037 1062 dicit:
1059 1003 1093 1059 B.
1115 1004 1214 1059 autem
1231 999 1321 1076 parti·

241 1106 338 1164 culam
355 1112 456 1183 postea
476 1107 566 1166 etiam
587 1107 626 1166 ad
649 1107 859 1184 praecedentia
882 1105 1071 1182 transferens,
1093 1110 1123 1163 et
1143 1104 1324 1177 coniungens

241 1214 292 1267 aot
319 1208 439 1269 obseura
470 1217 520 1270 aot
547 1229 604 1269 noir
625 1211 725 1288 malta,
747 1210 924 1271 sententiam
951 1210 1024 1270 mire
1042 1227 1131 1284 quam
1149 1208 1322 1282 distorquet.

240 1310 355 1370 Aciam
375 1312 428 1371 illa
443 1314 554 1392 omitto,
574 1314 647 1373 dicit
667 1320 772 1391 oraton
794 1332 862 1372 nam
884 1319 914 1374 et
931 1314 1005 1372 satis
1025 1317 1097 1373 nota
1117 1315 1187 1371 sunt
1200 1310 1246 1389 (ut
1263 1328 1322 1369 non

241 1431 315 1492 opus
345 1416 385 1474 sit
416 1415 527 1475 diutius
548 1416 634 1475 iniis
655 1415 774 1493 morari)
796 1422 826 1476 et
840 1417 900 1476 alia
913 1433 972 1474 non
993 1432 1088 1492 pauca
1108 1417 1212 1491 postea
1230 1411 1261 1490 (a
1279 1410 1322 1489 te)

242 1522 311 1578 sunt
324 1519 479 1578 commissa
498 1517 617 1596 (quibus
636 1520 673 1578 ab
694 1519 755 1578 illis
773 1519 888 1595 animus
903 1516 1070 1594 avertitur).

282 1734 317 1805 ct,
344 1734 376 1787 at
404 1727 495 1807 eiurat,
524 1747 640 1806 corpore
657 1728 755 1807 cffcpi.
799 1728 855 1804 ,Ut
872 1729 955 1789 cisat
975 1729 1087 1789 indicat
1099 1720 1325 1806 proverbialiter

240 1829 297 1888 hoc
329 1847 394 1891 esse
419 1830 543 1910 dictum3
576 1835 608 1890 at
628 1833 742 1890 nullum
759 1849 889 1907 unquam
910 1832 1097 1910 proverbium
1113 1831 1170 1891 fuit
1191 1830 1322 1889 Latinis:

241 1951 361 2011 corpore
383 1936 511 2009 effugere
532 1936 674 2010 aliquid.''
696 1938 733 1995 R.
755 1970 795 1979 —
822 1937 899 1995 'Pam
921 1937 1062 1996 audacter
1079 1953 1251 1997 asseverare
1270 1935 1324 1992 vix

240 2034 349 2095 audeat
380 2037 440 2114 ille,
472 2037 524 2112 qui
544 2053 657 2096 summe
678 2037 776 2098 studio
789 2055 891 2098 omnes
911 2040 1019 2099 latInos
1040 2039 1197 2116 scriptores
1227 2037 1322 2114 perle-

240 2138 332 2211 gerit:
353 2138 392 2196 ab
413 2138 599 2198 adolescente
620 2141 726 2198 saltem
747 2145 900 2217 exspectes
917 2140 1048 2200 modeste
1076 2141 1168 2200 dicat:
1190 2140 1321 2217 hocpro-

241 2242 378 2302 verbium
399 2243 459 2301 alio
473 2243 536 2303 loco
556 2261 603 2302 me
624 2245 723 2318 legere
750 2262 810 2303 non
827 2245 956 2322 memini,
977 2249 1007 2303 et
1028 2243 1139 2322 dubito,
1161 2263 1200 2303 arr
1220 2245 1251 2302 in
1266 2261 1322 2303 usu

240 2341 329 2402 fuerit
359 2343 439 2420 apud
459 2344 593 2405 Latinos.
613 2345 688 2404 Mihi
709 2363 779 2405 vero
800 2346 917 2405 etiamsi
937 2362 1112 2423 persuasum
1132 2350 1220 2423 esset,
1242 2345 1323 2423 apud

241 2446 308 2506 illos
326 2447 492 2527 scriptores,
513 2450 564 2525 qui
586 2449 625 2507 ad
645 2467 698 2508 nos
719 2455 924 2526 pervenerunt,
945 2468 1091 2526 nusquam
1102 2451 1176 2509 illud
1187 2451 1322 2530 inveniri,

239 2551 289 2611 vel
316 2550 365 2612 hic
391 2569 468 2613 unus
498 2553 589 2632 locus,
621 2553 741 2627 linguae
768 2554 943 2632 praesertim
965 2555 1079 2614 ratione
1100 2555 1322 2631 nonobstante,

239 2655 385 2715 sufficeret
415 2656 454 2715 ad
474 2655 659 2734 credendum,
681 2674 797 2733 corpore
818 2656 943 2734 effopero
959 2657 1184 2734 proverbialiter
1211 2658 1322 2717 dictum

238 2756 331 2816 fuisse
357 2775 411 2833 pro
442 2757 518 2816 audo
539 2775 664 2836 corpore,
684 2777 743 2817 non
759 2764 929 2834 tegumento
950 2760 1086 2839 quodam,
1107 2761 1161 2820 sed
1178 2762 1242 2832 sola
1259 2779 1320 2819 cor-

238 2859 318 2935 poris
343 2858 478 2932 agilitate
497 2858 660 2934 periculum
677 2860 818 2933 effugere.
859 2861 959 2920 Verba
977 2879 1070 2937 parva
1091 2863 1216 2940 quodam
1233 2863 1322 2921 decli·
1384 2939 1390 2946 .

240 2959 356 3019 cretione
387 2960 474 3035 quasi
494 2960 721 3036 explicationem
742 2960 806 3020 eius
827 2961 900 3021 dicti
920 2963 1069 3022 continere
1099 2964 1246 3041 videntur,
1266 2981 1322 3024 nec

238 3069 311 3143 puto
331 3063 489 3140 legendum
506 3082 573 3124 esse
591 3064 783 3123 declinatione
803 3065 939 3143 cooperit,
951 3084 1041 3144 quum
1052 3065 1322 3146 addaturotoiaat,

238 3188 297 3247 quo
316 3172 367 3230 vel
380 3170 411 3228 in
428 3168 601 3248 proverbiis,
621 3169 671 3228 vel
691 3170 722 3228 in
744 3170 908 3229 enarrando
929 3170 1028 3245 aliquo
1048 3169 1127 3230 facto
1148 3172 1211 3230 sive
1232 3171 1320 3249 dicto,

236 3292 295 3334 non
322 3275 355 3333 in
380 3274 497 3349 vulgari
523 3274 670 3334 locutione
700 3279 831 3334 utuntur.
872 3275 1029 3334 Erasmum
1049 3293 1165 3351 quoque
1187 3267 1333 3336 eiusdem

243 3377 409 3437 sententiae
429 3375 521 3436 fuisse
539 3376 635 3453 video,
656 3377 708 3451 qui
729 3377 761 3434 in
781 3375 899 3452 Adagia
929 3395 984 3437 sua
1012 3378 1102 3438 etiam
1123 3378 1179 3439 hoc
1199 3380 1320 3458 recepit,

237 3485 326 3558 atque
347 3481 391 3539 ita
421 3479 542 3556 exponit
563 3477 635 3557 (pag
666 3477 751 3555 209):
776 3477 918 3555 „Corpore
938 3478 1064 3556 offaperc
1084 3485 1130 3539 est
1156 3482 1319 3557 periculum

236 3585 296 3645 iam
316 3584 472 3643 imminens
483 3601 518 3642 ac
528 3600 624 3659 paene
633 3598 770 3658 premens
781 3585 844 3639 arte
855 3581 984 3655 quadam
998 3581 1155 3641 declinare.
1177 3582 1318 3642 Transla-

237 3694 330 3749 tuma
340 3685 563 3763 gladiatoribus,
584 3685 674 3743 ictum
692 3684 806 3741 modico
823 3683 952 3759 corporis
972 3683 1051 3743 flexu
1061 3683 1232 3744 fallentibus
1243 3686 1319 3746 cet.²'

235 3791 349 3850 Eadem
379 3790 493 3848 ratione
520 3786 581 3846 fere
612 3785 735 3845 dixeris:
756 3785 935 3844 mansitasse
955 3785 1109 3861 defelldere
1129 3787 1166 3846 de
1195 3806 1238 3866 eo,
1267 3790 1318 3865 qui

237 3895 328 3956 nullis
345 3893 443 3970 armis,
455 3892 518 3951 sola
528 3891 559 3949 vi
569 3908 708 3949 manuum
719 3908 751 3950 se
765 3888 918 3949 defendat:
941 3895 971 3950 et
981 3891 1106 3965 legimus
1120 3891 1200 3969 apud
1214 3891 1317 3954 Senec.

239 3999 296 4077 Ep.
318 3998 372 4056 52:
396 3994 559 4071 ,quaedam
576 3994 698 4069 ingenia
717 3993 818 4053 facilia
839 3997 869 4053 et
890 3993 1043 4070 expedita:
1064 3995 1210 4070 quaedam
1219 4011 1318 4073 omna,

240 4102 315 4182 qaod
336 4101 427 4179 aiant,
448 4099 584 4159 facienda
602 4099 698 4176 sunt,''
720 4100 739 4157 i.
761 4117 787 4158 e.
809 4116 898 4175 opera
916 4104 946 4159 et
956 4104 1028 4158 arte.
1054 4097 1318 4175 idemEpist.115:

238 4206 347 4282 ,mutio
367 4222 457 4265 manu
476 4203 585 4281 fucta,'’
608 4202 627 4261 i.
648 4221 674 4263 e.
695 4201 862 4262 artificiosa.
903 4204 1014 4263 Notum
1035 4204 1124 4263 etiam
1145 4203 1319 4265 dictumest

241 4309 372 4370 monibus
407 4306 596 4386 pedibusque:
632 4306 714 4365 cuius
743 4306 860 4379 generis
886 4305 972 4381 plura
1000 4305 1135 4382 exempla
1163 4305 1262 4378 colligi
1290 4312 1320 4367 et
