3086 5192
233 616 376 693 Sperasse
404 619 503 674 tamen
524 615 598 674 illud
619 615 749 677 Catilina
770 615 895 691 videtur,
917 619 1007 689 atque
1028 615 1135 673 ideireo
1152 618 1311 694 postulare,

231 725 265 780 ut
293 737 328 778 ea
355 717 392 778 de
410 718 498 778 read
520 723 655 779 senatum
675 714 806 779 referret.
828 717 904 777 Vide
927 718 947 795 ξ
970 721 1018 797 20,
1038 718 1090 777 nbi
1110 717 1311 797 dehooplura

231 823 372 882 dicentur.
413 821 474 880 Sed
498 823 536 880 ab
551 824 674 882 oratoris
691 823 839 883 sententia
860 821 1036 881 Rinkesium
1053 824 1142 899 plane
1163 824 1310 902 aberrare,

230 944 268 986 ex
298 927 337 985 iis
365 927 454 985 etiam
482 931 614 1005 apparet,
646 945 722 1003 quae
739 926 862 987 adnotat
882 926 921 985 ad
941 926 1046 985 verba:
1068 926 1094 984 si
1111 944 1155 985 me
1176 928 1309 987 consolis.

232 1030 354 1105 „Inepte
374 1029 449 1088 haee
469 1027 624 1106 adduntur,
646 1047 681 1088 ao
695 1031 721 1089 si
741 1030 872 1089 Catilina
889 1029 915 1087 is
927 1034 1014 1106 esset,
1036 1030 1087 1104 qui
1097 1029 1268 1090 Ciceronem
1278 1031 1310 1089 in

229 1149 315 1190 aare
336 1130 530 1191 oonsuleret.”
572 1130 745 1207 Quicunque
767 1134 845 1191 enim
867 1150 926 1191 nou
946 1134 1036 1209 plane
1057 1133 1139 1191 rudis
1149 1134 1310 1214 literarum,

228 1250 283 1295 neo
305 1235 509 1311 praeiudicata
535 1237 672 1312 opinione
703 1236 777 1296 haee
801 1238 883 1314 legit,
915 1238 1016 1296 statim
1045 1237 1128 1297 videt
1153 1257 1212 1298 non
1239 1258 1309 1300 vere

228 1340 281 1398 illa
300 1339 491 1417 interrogare,
511 1358 607 1415 neque
628 1342 779 1401 consulere
797 1339 965 1419 Catilinam,
987 1340 1040 1400 sed
1061 1340 1218 1402 artificiose
1236 1344 1311 1404 haee

228 1441 267 1500 ab
288 1445 402 1501 oratore
419 1432 501 1518 fingi,
521 1460 579 1515 quo
596 1441 643 1501 his
661 1444 746 1517 quasi
763 1443 968 1520 respondendo
986 1446 1170 1504 occasionem
1192 1449 1308 1507 nanois-

229 1548 313 1604 eatur
343 1561 379 1602 ea
409 1544 548 1629 dicendi,¹
567 1562 643 1618 quae
671 1562 743 1604 suae
761 1563 868 1605 oausae
888 1547 1028 1623 prodesse
1042 1548 1200 1627 intelligat,
1221 1556 1311 1626 atque

230 1645 449 1724 adversarium,-
471 1664 509 1704 ne
537 1645 608 1720 quid
638 1646 713 1706 forte
744 1647 952 1722 interrogando
984 1665 1016 1708 se
1051 1667 1176 1723 urguere
1207 1652 1310 1731 possit,

228 1752 432 1826 praeoccupet.
473 1749 535 1807 Fae
556 1749 634 1807 enim
660 1754 728 1825 post
755 1749 809 1808 illa
825 1750 931 1809 verba:
955 1751 1054 1824 „exire
1075 1770 1113 1811 ex
1134 1754 1206 1813 urbe
1228 1755 1310 1816 iubet

228 1852 339 1912 Consul
369 1851 511 1929 hostem‚''
543 1851 703 1910 Catilinam
734 1855 786 1910 aut
807 1852 937 1927 aliquem
958 1852 1170 1928 interrogasse:
1192 1874 1245 1932 qao
1267 1857 1311 1914 iro

228 1953 331 2014 trabes?
363 1954 434 2030 quid
462 1971 572 2028 quaeso
596 1952 698 2012 Cioero
718 1954 941 2030 respondisset?
964 1952 1025 2015 Vix
1046 1958 1124 2015 euim
1141 1957 1239 2018 dicere
1259 1977 1311 2036 po·

228 2059 294 2136 tuit,
326 2057 359 2115 ia
386 2064 491 2134 nostro,
522 2074 559 2115 ne
592 2073 649 2130 quo
677 2057 749 2134 iure,
771 2056 1016 2131 quemadmodum
1038 2060 1166 2135 patriam
1187 2061 1245 2120 sibi
1262 2063 1312 2122 ob·

229 2161 378 2221 iieientem
395 2160 505 2237 iaoit§
528 2163 576 2237 27,
597 2159 635 2217 ab
657 2177 692 2217 eo
713 2158 857 2217 toarnissas
877 2160 909 2218 in
929 2160 1028 2219 turbem
1042 2179 1107 2221 esse
1125 2163 1183 2222 diei
1200 2172 1302 2241 posset

229 2267 316 2342 eique
342 2265 521 2342 exprobrari,
553 2264 631 2338 quod
649 2264 688 2322 ad
705 2264 815 2323 bellum
832 2264 948 2341 patriae
969 2264 1154 2325 inferendum
1172 2285 1238 2327 oum
1259 2270 1311 2328 im-

230 2371 364 2449 pulisset.
406 2371 443 2429 In
467 2368 602 2427 assiliunt
625 2369 741 2429 mittere
763 2373 862 2428 antem
883 2388 973 2445 quum
994 2371 1111 2445 legibus
1132 2390 1190 2431 non
1209 2391 1310 2435 oonee-

227 2474 355 2552 deretur,
377 2491 435 2549 quo
452 2475 570 2533 nomine
590 2473 710 2533 tandem
721 2491 788 2532 eum
800 2474 880 2532 exire
891 2474 1014 2553 iuberet,
1039 2477 1309 2550 „quiunnstimen

229 2579 286 2639 dus
300 2580 566 2657 eratexomnibus‚
589 2566 714 2638 sedium
725 2578 784 2656 diu,
806 2578 875 2636 dum
885 2579 1040 2638 moenibus
1050 2579 1131 2640 urbis
1140 2583 1310 2644 contineba-

229 2685 305 2762 tur'’,
339 2683 420 2743 Orat.
441 2683 506 2744 Cat.
525 2684 581 2761 Ill,
603 2683 623 2760 ξ
647 2684 708 2743 16?
731 2684 810 2757 Ergo
831 2688 864 2744 ut
883 2702 948 2743 eam
966 2684 1170 2760 quaestionem
1187 2706 1310 2765 praeve·

229 2786 302 2863 aiat,
320 2789 424 2844 aontus
439 2789 536 2844 orator
545 2785 610 2860 ipse
620 2785 779 2844 Catilinam
790 2786 1020 2862 interrogantem
1033 2787 1118 2848 facit:
1140 2807 1209 2848 nam
1219 2791 1252 2849 io
1263 2811 1310 2851 oa-

228 2888 351 2947 ailiam?
373 2892 406 2948 ut
424 2904 467 2964 eo,
489 2904 547 2962 qno
564 2887 637 2964 vult,
657 2888 820 2965 perveniat,
841 2892 871 2947 et
888 2907 907 2947 a
924 2890 1053 2950 iubendo
1067 2892 1153 2967 qnasi
1163 2895 1311 2955 transiens

227 2993 266 3052 ad
297 2992 517 3069 consulendum,
545 2992 625 3048 viam
642 2990 700 3050 sibi
720 2991 834 3050 muniat
856 2992 895 3050 ad
915 3009 1042 3068 eaquae
1060 2995 1199 3073 deinceps
1216 2999 1309 3058 dietu-

226 3115 277 3156 rus
299 3102 353 3158 est.
395 3098 442 3157 Ne
460 3097 527 3172 quis
548 3100 649 3155 tamen
668 3096 716 3154 his
738 3096 885 3155 contraria
906 3113 972 3156 esse
988 3101 1161 3175 putetqnae
1173 3102 1311 3175 leguntur

228 3199 250 3275 ξ
271 3201 326 3257 23:
350 3199 443 3271 „siin
464 3197 601 3257 exsilium
622 3198 704 3257 iussu
714 3196 852 3258 Consulis
862 3198 962 3278 ieris,''
983 3217 1042 3260 non
1056 3192 1144 3262 nimia
1158 3207 1311 3279 urguenda

228 3298 281 3356 illa
308 3298 400 3358 verba
424 3316 490 3358 esse
521 3317 634 3377 moneo,
666 3317 742 3374 quae
768 3300 795 3358 si
811 3319 877 3360 eum
895 3301 943 3360 his
964 3310 1135 3380 comparata
1151 3307 1227 3367 bene
1244 3327 1309 3385 per·

227 3401 376 3481 penderis,
408 3403 451 3463 ita
482 3403 654 3481 arripienda
685 3421 751 3464 esse
781 3406 957 3483 perspicies:
986 3407 1012 3465 si
1040 3410 1194 3470 oronsan
1214 3413 1310 3472 irrosus

227 3503 317 3582 obire,
339 3523 397 3563 oon
418 3504 450 3563 in
472 3512 576 3585 oestro,
599 3506 648 3565 sod
675 3505 706 3565 o'n
729 3505 864 3566 assiliunt
884 3507 962 3567 ieris.
986 3508 1022 3569 of.
1045 3509 1126 3571 Orat.
1148 3515 1188 3593 ΙΙ,
1211 3518 1237 3593 7,
1261 3519 1308 3575 14.

598 3788 834 3854 CAPUT
882 3788 938 3855 VI.

685 4000 932 4011 ’Ἣ

265 4124 334 4203 qaid
356 4130 397 4183 ost
415 4123 491 4183 oraim
512 4129 566 4185 oet.
591 4127 804 4205 „Exponuntur
824 4130 855 4188 in
878 4148 962 4208 oapp.
983 4134 1001 4191 6
1023 4136 1054 4191 et
1077 4135 1093 4190 7
1111 4134 1141 4190 et
1162 4132 1307 4209 inpriore

223 4232 307 4303 parte
339 4246 402 4306 oap.
432 4230 450 4287 8
480 4244 596 4307 oausae,
618 4229 655 4288 ob
673 4247 747 4305 quas
768 4231 916 4293 Catilinae
938 4240 972 4294 ut
993 4252 1030 4294 ex
1051 4236 1123 4296 urbe
1140 4235 1305 4312 profioisoa·

223 4333 279 4408 tur,
310 4331 415 4395 suadet
447 4332 559 4395 oousrd.
601 4333 708 4395 Totam
737 4333 814 4395 hano
840 4337 1017 4414 particulam
1048 4338 1188 4398 orationis
1202 4338 1309 4397 molius

1161 4444 1179 4499 3
