3086 5192
777 452 816 509 74

254 602 411 681 respondet
432 604 607 682 reipublicae
638 607 788 669 vocibus.'’
817 640 857 651 -
889 609 995 668 Utrum
1027 608 1164 684 sepulcra
1192 605 1265 680 legit
1289 605 1337 682 R,

254 723 344 781 quum
375 707 476 766 statim
507 708 699 771 obliviscatur
730 728 840 788 eorum,
872 727 948 787 quae
979 709 1065 770 modo
1092 709 1173 770 dicta
1195 712 1277 769 sunt:
1299 725 1337 766 an

254 807 457 881 gradationem
484 810 575 890 illam,
607 813 699 888 cuius,
720 817 754 873 ut
770 812 908 891 vidimus,
930 830 1075 872 summum
1092 811 1149 872 fuit
1172 811 1264 870 000010
1291 828 1337 868 res

252 909 379 990 prablicc,
406 912 515 974 idcirco
545 916 686 994 turbavit,
707 921 740 977 ut
761 918 885 977 lectores
906 916 937 975 in
952 917 1129 977 oblivionem
1149 916 1252 976 horum
1272 933 1339 975 ver-

254 1014 357 1074 borum
377 1015 545 1096 adduceret,
566 1036 624 1095 quo
642 1019 747 1079 melius
769 1019 860 1079 verba
881 1019 952 1079 dare
973 1019 1011 1079 iis
1028 1017 1151 1096 posset?
1172 1019 1221 1077 Ita
1232 1017 1338 1078 saltem

254 1135 332 1177 nunc
353 1125 582 1199 argumentatur,
603 1122 689 1195 quasi
709 1123 791 1182 nulla
823 1122 941 1181 omnino
961 1125 1030 1182 ante
1048 1119 1240 1197 reipublicae
1257 1136 1338 1178 men-

255 1221 296 1281 tio
324 1220 404 1281 facta
430 1223 478 1300 sit,
510 1241 545 1283 ac
573 1224 660 1298 longe
689 1225 749 1284 alia
780 1223 863 1302 haee,
892 1241 981 1301 quam
1001 1223 1099 1302 patria
1124 1223 1164 1282 sit
1190 1220 1336 1282 habenda.

255 1323 315 1384 Sed
342 1325 415 1402 quid
441 1344 527 1403 porro
548 1334 648 1389 narret
671 1330 723 1389 ille
741 1330 909 1390 audiamus:
934 1334 1014 1403 ,tum
1035 1329 1122 1407 quod,
1140 1344 1215 1405 quae
1232 1327 1263 1385 in
1280 1325 1337 1386 Ua-

254 1429 371 1489 tilinam
391 1432 591 1507 indulgentior
607 1437 638 1494 et
658 1434 815 1512 remissior,
836 1439 926 1511 quarn
942 1453 997 1512 par
1011 1438 1066 1512 est,
1086 1433 1179 1493 fuisse
1192 1432 1337 1509 videatur,

255 1534 287 1592 in
317 1533 488 1596 Ciceronem
512 1538 586 1598 satis
611 1536 802 1597 vehementer
830 1538 988 1598 invehitur.
1030 1537 1198 1614 Exprobrat
1219 1536 1247 1595 ei
1261 1533 1339 1611 quod

255 1639 384 1700 nondum
419 1640 544 1702 interfici
573 1641 734 1702 Catilinam
763 1642 901 1703 iusserit'
930 1646 986 1702 cet.
1028 1640 1148 1702 Scilicet
1179 1639 1339 1700 Catilinam

257 1744 364 1804 bostem
393 1750 489 1825 vocat,
517 1751 660 1806 auctorem
682 1746 806 1824 sceleris,
824 1746 987 1823 principem
1008 1743 1223 1822 coniurationia,
1245 1761 1338 1803 00000-

257 1854 345 1909 torem
366 1866 509 1908 seruorum
537 1854 564 1907 et
586 1849 689 1909 eiciam
704 1848 902 1926 perditoram;
924 1849 1047 1924 dignum
1065 1865 1132 1908 eum
1149 1846 1269 1924 iudicat,
1288 1845 1339 1922 qui

256 1951 414 2011 icoiacala
434 1953 565 2031 docetur,
593 1953 633 2012 ad
650 1959 768 2012 mortem
785 1953 930 2031 rapiatur,
952 1970 1060 2012 sacoma
1082 1949 1222 2029 supplicio
1235 1954 1339 2009 000010·

257 2058 321 2114 tar!
348 2057 415 2115 Nae
445 2074 464 2114 a
484 2057 539 2116 tali
557 2057 743 2132 indulgentia
760 2075 795 2117 ac
815 2057 988 2116 remissione
1009 2056 1135 2116 liberum
1154 2071 1201 2114 me
1222 2069 1342 2129 semper

255 2161 318 2220 fore
359 2179 448 2238 quarn
481 2160 610 2221 maxime
642 2179 737 2239 spero.
788 2160 924 2221 Uiccroni
962 2164 1064 2220 contra
1095 2158 1232 2219 obiicitur
1273 2161 1337 2215 tan-

164 2254 169 2258 *
256 2269 329 2343 tum,
361 2265 439 2342 quod
466 2267 498 2324 in
525 2264 640 2326 hostem
664 2266 780 2343 patriae
811 2283 870 2324 non
895 2265 969 2325 satis
986 2281 1089 2323 severe
1108 2266 1187 2337 agat.
1229 2261 1341 2320 Verum

258 2369 289 2428 in
321 2369 512 2444 sequentibus
539 2370 640 2448 aspice
668 2375 849 2447 quantopere
873 2371 910 2429 R.
939 2369 1088 2428 dormitet:
1113 2367 1243 2444 „Patria
1263 2385 1340 2444 quae

258 2470 354 2529 suasit
374 2469 531 2549 Catilinae,
552 2477 586 2531 01
606 2471 771 2532 discederet
792 2490 829 2531 ex
851 2470 923 2530 mbo
941 2490 965 2530 0.
988 2473 1058 2549 Vll,
1079 2470 1137 2530 sibi
1157 2489 1262 2547 parum
1272 2487 1339 2530 con-

257 2577 327 2652 stat,
359 2574 402 2635 110
434 2578 468 2635 01
485 2576 603 2653 oratori,
623 2576 674 2652 qui
688 2594 766 2634 nunc
783 2575 902 2635 videtur
922 2593 1026 2648 revera
1040 2574 1201 2635 Catilinam
1220 2592 1256 2633 00
1272 2573 1341 2632 arbe

257 2675 402 2753 espalisse
417 2677 491 2738 vitio
511 2682 618 2756 vertat,
639 2678 717 2754 0001
733 2677 858 2755 hostem,
878 2678 1040 2756 principem
1062 2678 1341 2739 coniurationisnon

257 2780 446 2842 interfecerit.
488 2780 569 2855 Quid
597 2799 708 2858 000000
738 2781 895 2841 absurdius
920 2798 986 2842 csse
1010 2786 1117 2860 potest,
1139 2799 1226 2858 quam
1243 2797 1340 2859 repra-

257 2884 386 2947 hendere
418 2902 493 2963 eum,
525 2885 576 2962 001
607 2882 1341 2963 0001100000000010,100001111010001101

256 2994 313 3051 001.
344 3023 385 3034 -
416 2987 496 3062 Quid
517 3007 587 3052 vero
609 2989 766 3050 absurdius
783 2995 873 3067 01000
894 2988 1023 3065 ineptius
1044 3004 1110 3047 esse
1123 2990 1230 3064 potest,
1251 3004 1342 3063 quam

257 3091 465 3152 Patauinis.
490 3091 602 3170 Urbem,
624 3109 700 3169 quae
719 3110 743 3152 0.
766 3092 825 3155 VII
843 3094 966 3168 loquens
984 3090 1140 3168 inducitur,
1161 3089 1343 3151 confundere

258 3212 324 3255 curn
341 3192 507 3271 Republica,
528 3196 675 3257 communi
693 3194 823 3255 omnium
843 3195 1040 3253 Romanorum
1060 3192 1167 3270 patria,
1188 3210 1266 3269 0000
1285 3193 1342 3254 hoc

135 3340 143 3359 2
258 3299 355 3376 capite
366 3298 452 3374 quasi
473 3296 645 3360 Ciceronem
660 3300 828 3378 alloquitur:
849 3316 973 3377 quarum
993 3315 1082 3376 quarn
1099 3298 1228 3358 maxime
1245 3297 1341 3359 direr-

258 3419 322 3465 sam
352 3401 496 3461 rationem
528 3418 603 3480 esse,
631 3403 683 3479 qui
712 3403 899 3465 mediocriter
918 3405 1056 3480 cognovit
1073 3405 1234 3464 orationem
1254 3404 1342 3464 facile

258 3506 407 3583 intelligit.
449 3508 613 3583 Utramque
645 3523 801 3583 personam
829 3509 949 3582 egregie
977 3508 1099 3568 adhibet
1126 3513 1231 3588 orator,
1251 3514 1285 3569 01
1305 3526 1342 3570 00

258 3612 347 3691 dicat,
378 3628 527 3689 0000000
548 3612 612 3672 loco
642 3611 768 3672 dicenda
790 3629 856 3672 0000
873 3612 996 3692 00011010
1017 3614 1261 3690 quemadmodum
1281 3614 1340 3674 Ho-

258 3717 353 3782 ratius
373 3719 473 3776 monet
490 3716 521 3774 in
542 3715 670 3792 epistola
691 3714 730 3774 ad
747 3714 882 3793 Pisones,
903 3717 942 3774 42
960 3732 1019 3792 sq:

343 3819 481 3894 „Ordinis
498 3820 574 3880 haec
591 3821 687 3881 virtus
708 3820 773 3899 erit,
795 3825 825 3881 ct
846 3821 956 3898 Venus,
978 3824 1033 3880 aut
1053 3837 1109 3895 ego
1129 3820 1223 3899 fallor,

359 3925 402 4004 Ui
415 3924 475 3983 iam
495 3942 574 3985 nunc
591 3924 681 4002 dicat,
702 3925 761 3984 iam
782 3943 860 3985 nunc
877 3925 1017 3986 debentia
1037 3925 1124 3986 dici.''

299 4028 387 4093 Hunc
415 4027 547 4088 ordinem
572 4028 713 4089 0100000
731 4028 806 4089 01111
826 4029 863 4089 R.
886 4028 965 4107 (quis
982 4034 1081 4091 autem
1095 4048 1162 4090 eum
1179 4033 1277 4107 codgit
1297 4033 1340 4091 in-

260 4135 380 4210 cognita
407 4132 575 4211 10110001)
607 4148 661 4193 000
688 4132 782 4192 001011
808 4133 910 4193 videre
932 4133 1015 4212 (num
1028 4134 1137 4197 idcirco
1154 4153 1250 4214 neque
1267 4138 1342 4198 alios

259 4238 376 4301 visuros
404 4254 470 4299 esse
494 4234 681 4316 sperabati),
702 4237 824 4298 alterius
848 4239 1034 4298 allocutionis
1054 4240 1219 4300 sententias
1240 4241 1279 4300 ad
1300 4241 1342 4299 al-

266 4347 359 4407 teram
380 4339 1343 4423 00001000010110000000101110100010001000001001001001
