3086 5192
781 477 821 533 44

262 635 341 691 recte
369 632 412 690 ita
443 632 652 710 interpretatur
682 634 727 692 Ba
751 648 864 707 ,neque
890 630 1106 707 obtemperabis
1126 627 1245 707 iudicio,
1267 628 1346 704 qnod

261 736 359 812 patria
386 736 424 796 de
453 741 485 798 te
505 737 611 798 fert?''
651 738 750 798 Minus
770 741 859 815 reete,
878 742 913 795 ut
926 735 1052 813 videtur,
1073 734 1247 810 sequentia:
1271 733 1346 806 ,aas

258 840 441 916 pertimesces
471 848 573 920 aperte
604 847 651 903 est
674 842 839 901 uiolentiam
869 847 982 920 metuas,
1013 844 1127 899 metues
1147 858 1186 899 ne
1205 839 1267 897 vim
1287 838 1344 897 tibi

261 941 410 1022 adhibeat,
442 945 496 1004 sed
525 950 645 1023 propter
672 950 844 1021 sequentem
876 950 1114 1023 προσωποποιίαν
1134 943 1266 1019 suspIcor
1286 941 1344 999 uim

261 1048 434 1106 mutandum
465 1066 531 1109 esse
563 1050 594 1109 in
614 1050 735 1109 ooocm.”
777 1050 851 1108 'Iria
870 1049 920 1108 hic
941 1048 1103 1125 spectanda
1120 1051 1197 1123 sunt,
1219 1043 1343 1103 caetori-

262 1154 314 1226 tos,
343 1149 490 1228 iodicium,
518 1152 581 1210 ota:
612 1153 740 1230 primum
767 1152 895 1229 pertinet
913 1151 951 1210 ad
969 1150 1217 1228 comparationem
1235 1163 1345 1225 porcas·

261 1250 347 1328 tium,
369 1269 492 1326 quorum
509 1259 543 1313 ut
557 1254 668 1332 liberis,
691 1255 734 1314 sio
755 1254 869 1313 civibus
890 1254 1014 1333 patpiae,
1036 1253 1197 1312 communis
1213 1251 1343 1310 omnium

259 1355 400 1432 parentis,
413 1356 574 1415 auotoritas
595 1361 641 1416 est
661 1355 800 1416 verenda.
843 1354 986 1414 iodicium
1008 1356 1156 1415 sententia
1177 1358 1231 1432 est,
1253 1370 1342 1428 quam

259 1457 437 1518 deOatilina
458 1458 514 1519 fert
534 1461 646 1537 Patria,
667 1463 756 1535 atque
775 1459 818 1518 ita
838 1460 944 1537 ipsum,
958 1458 1037 1535 quod
1059 1458 1199 1534 sequitur,
1218 1455 1341 1531 alloqui-

259 1578 318 1638 um,
339 1579 397 1636 quo
414 1579 520 1621 causas
541 1563 671 1640 exponit,
692 1579 744 1622 cur
764 1579 831 1622 eum
843 1559 938 1621 oderit
959 1564 990 1620 et
1010 1562 1133 1636 metuat,
1155 1557 1356 1633 tandemque,

259 1681 349 1740 quum
371 1665 432 1722 alia
448 1666 563 1724 ratione
584 1665 697 1742 placari
717 1682 776 1723 non
790 1663 893 1741 possit,
914 1668 948 1722 ut
965 1662 1100 1722 discedat
1111 1678 1178 1720 eum
1197 1659 1340 1719 hortatur.

259 1766 363 1826 Tertio
385 1766 484 1826 addit:
508 1785 622 1843 „neque
640 1766 696 1824 cim
709 1764 945 1843 pertimesces'?
967 1769 1001 1824 ut
1012 1765 1040 1824 ei
1052 1762 1198 1840 ostendat,
1210 1763 1341 1838 sineque

259 1868 416 1928 auotordos
441 1887 537 1945 neque
561 1868 701 1928 iodicium
727 1870 887 1946 quidquam
919 1886 986 1928 eum
1016 1872 1162 1943 moveant,
1191 1882 1262 1941 opes
1283 1882 1341 1923 non

259 1969 363 2030 deesse
380 1971 504 2050 patriae,
524 1976 558 2031 ut
572 1989 628 2048 per
644 1971 701 2030 cim
721 1972 872 2032 discedere
894 1989 960 2031 eum
978 1975 1074 2045 cogat.
1096 1967 1211 2042 Quibus
1233 1968 1342 2044 optime

258 2073 446 2153 respondent,
477 2092 554 2150 quae
585 2074 671 2134 Initio
701 2093 725 2134 c.
755 2076 840 2135 VIII.
869 2075 1025 2135 dicuntur:
1049 2090 1164 2147 „nonne
1184 2072 1343 2148 impetrare

259 2177 375 2256 debeat,
397 2178 515 2237 etiamsi
535 2178 596 2237 vim
617 2177 757 2238 adhibere
774 2195 834 2237 non
850 2177 993 2254 possit’?
1016 2174 1091 2249 Quis
1112 2176 1203 2249 igItur
1218 2191 1277 2233 non
1297 2173 1342 2231 vi·

259 2279 319 2356 det,
340 2281 366 2339 si
386 2280 444 2339 oica
464 2283 495 2339 in
512 2270 606 2339 vocem
617 2287 730 2359 mutes,
752 2279 867 2339 tertiam
887 2298 954 2340 oum
974 2278 1066 2338 attero
1077 2276 1213 2361 confundi
1224 2280 1254 2335 et
1274 2293 1340 2353 pro·

258 2381 439 2453 gressionem
465 2382 600 2442 turbarit

301 2590 392 2667 318.
426 2591 515 2651 tacito
548 2592 682 2670 loquitar.
739 2593 896 2665 ,Tacitum
923 2593 1100 2670 loquentem,
1128 2590 1207 2667 quod
1233 2590 1340 2665 sciam,

259 2690 362 2752 Cicero
382 2696 529 2755 neminem
546 2697 579 2754 in
603 2714 723 2756 scenam
745 2697 909 2774 producit.'’
931 2698 967 2754 R.
989 2729 1029 2738 -—
1049 2695 1105 2755 Oui
1124 2701 1205 2756 recte
1220 2690 1339 2772 respou-

259 2794 310 2856 det
327 2797 381 2876 B.,
402 2816 421 2857 a
439 2817 496 2874 quo
518 2800 634 2859 collatis
657 2800 800 2876 exemplis
821 2816 917 2875 pauca
941 2799 1049 2858 addere
1078 2800 1164 2876 vo103
1195 2798 1257 2858 Cic.
1288 2813 1340 2874 pro

259 2897 327 2971 lege
358 2899 437 2957 Man.
470 2900 498 2977 5,
531 2903 589 2960 13:
634 2902 692 2975 ,Hi
724 2919 786 2978 vos,
816 2902 954 2976 quoniam
971 2902 1065 2960 libere
1084 2901 1166 2974 loqui
1186 2901 1341 2977 nonlicet,

258 3003 349 3063 tacite
367 3004 502 3078 rogant.”
523 3021 576 3081 pro
591 3004 729 3064 Cluentio
751 3007 806 3063 63:
829 3008 934 3076 ,vocat
947 3020 994 3061 me
1011 3003 1071 3061 ali0
1092 3003 1152 3060 iam
1169 3000 1279 3058 dudum
1295 3005 1340 3059 ta-

258 3105 319 3165 oita
347 3111 448 3166 vestra
480 3107 693 3183 exspectatio.’'
734 3106 801 3163 Liv.
832 3105 873 3180 11,
904 3105 962 3163 58:
993 3103 1084 3163 tacite
1104 3108 1341 3180 praetereuntem

259 3209 436 3268 exsecrari.''
459 3208 509 3267 Sic
530 3226 620 3285 supra
641 3209 661 3285 ξ
686 3210 733 3266 16:
759 3206 1136 3280 „iudiciotaoitmnitatis''.
1159 3208 1341 3287 §21:,dum

258 3316 358 3371 tacent
377 3313 507 3379 clamant
513 3311 541 3389 ,''
562 3311 614 3371 ubi
633 3312 720 3388 plura
747 3310 784 3370 de
804 3310 913 3371 haere
934 3310 1076 3371 dicentur.

299 3538 344 3580 me
372 3526 458 3579 totam
490 3538 549 3579 esse
580 3519 612 3579 ia
633 3523 717 3578 met.
762 3519 926 3592 ,Dissentit
942 3517 1033 3592 igitur
1051 3520 1150 3596 patria
1167 3520 1206 3579 ab
1226 3524 1340 3581 oratore

261 3629 369 3702 nostro,
390 3623 473 3701 qui§
492 3623 520 3682 5.
542 3623 652 3684 diserte
672 3622 792 3699 iudicat,
813 3622 921 3682 multos
932 3621 1028 3681 adhuc
1045 3640 1120 3701 csse,
1142 3623 1193 3698 qui
1215 3623 1292 3699 quod
1302 3624 1339 3682 de

258 3728 389 3789 Oatilina
398 3727 574 3787 narrabatur
583 3725 713 3786 nondum
728 3725 888 3802 crederent,
900 3725 974 3785 cet.''
996 3726 1033 3784 R.
1054 3726 1156 3786 --At
1176 3727 1338 3787 nihileius·

262 3829 341 3887 modi
363 3844 398 3887 eo
418 3829 483 3886 loco
499 3829 609 3888 diserte
630 3827 793 3905 indicatur3
815 3845 917 3886 vemm
938 3827 958 3904 ξ
981 3829 1029 3887 30.
1051 3828 1142 3887 dicit:
1164 3829 1190 3887 si
1207 3829 1239 3887 ln
1259 3829 1338 3889 Cati·

257 3929 349 3990 linam
367 3930 633 4009 ammadvertisset,
660 3932 769 3989 multos
797 3931 944 4007 improbos
968 3935 999 3991 et
1015 3932 1166 4009 ImperItos
1183 3932 1341 3993 crudeliter

257 4042 288 4098 et
300 4036 382 4111 regIe
401 4034 512 4094 factum
529 4035 658 4094 dicturos
680 4051 755 4096 esse.
797 4034 951 4095 Consentit
972 4041 1070 4095 autem
1091 4041 1189 4096 orator
1205 4054 1272 4097 oum
1282 4038 1339 4096 Pa·

256 4139 323 4218 uio,
345 4140 396 4215 qui
414 4139 473 4198 iam
494 4138 579 4198 initi0
594 4137 735 4197 orationis
753 4137 840 4196 dicit:
864 4138 969 4211 ,timor
981 4140 1092 4218 populi,
1113 4156 1270 4199 concursus
1288 4140 1338 4199 bo-

256 4259 360 4302 nomm
377 4241 534 4300 omnium.''
576 4241 660 4300 Idem
686 4241 755 4300 aliis
772 4240 845 4301 locis
866 4241 926 4299 alio
942 4240 1038 4317 mode,
1059 4246 1090 4300 et
1111 4242 1208 4320 §172
1233 4243 1292 4315 „Ut
1309 4246 1338 4301 te

257 4349 392 4407 metuunt
409 4361 510 4404 omnes
521 4342 684 4419 civestui'',
706 4342 744 4402 ad
759 4359 845 4419 quem
866 4343 971 4419 locum,
992 4341 1109 4417 quihoc
1125 4344 1242 4402 nomine
1253 4343 1339 4402 intel-
