3086 5192
725 464 764 520 43

204 616 322 693 quidem
343 618 508 678 mirandum
529 623 584 697 est,
605 619 745 696 quoniam
762 620 810 679 his
830 621 974 695 neglectis
992 622 1220 701 comparationis
1239 639 1285 682 so·

203 722 345 783 lationem
365 723 482 784 demum
503 725 619 801 quaerit
639 725 670 783 in
684 725 783 785 verbis
803 726 940 800 „discede
962 731 1051 805 atque
1069 729 1148 788 huno
1165 726 1239 786 mihi
1248 729 1286 787 ti-

203 843 312 885 morem
334 827 443 906 eripe,''
455 828 486 886 in
496 826 554 886 fine
567 827 587 904 5
601 830 648 886 18.
669 828 770 888 Etiam
779 829 901 889 Bootius
912 829 1078 890 inchoatam
1087 830 1189 909 magis,
1201 847 1287 908 qaam

203 927 363 988 absolutam
394 929 634 1006 comparationem
658 929 761 991 dicens
788 932 906 992 coniicit
936 934 1094 1008 legendum
1115 951 1189 1012 esse,
1210 950 1287 992 aaao

205 1033 275 1093 sito
293 1034 395 1110 patria
413 1038 478 1111 oet,
500 1051 578 1110 quae
598 1035 762 1111 particulae
783 1037 927 1112 quomodo
948 1036 997 1096 hio
1013 1038 1089 1098 bene
1107 1039 1286 1112 coniungan-

203 1141 261 1214 tur,
283 1154 342 1195 non
361 1137 504 1212 intelligo.
531 1137 622 1197 Miror
638 1142 775 1197 neudum
796 1156 896 1198 eornm
913 1140 1034 1218 vidisse,
1055 1158 1114 1200 non
1131 1145 1193 1200 tam
1210 1157 1287 1200 oom-

203 1239 387 1318 parationem
413 1239 491 1300 hano
519 1257 594 1318 esse,
626 1257 715 1317 quam
741 1242 955 1316 syllogisticam
980 1242 1132 1319 rationem,
1154 1241 1232 1318 quod
1250 1258 1288 1301 ex

203 1341 313 1401 Mureti
353 1341 605 1420 interpretatione,
637 1360 725 1418 quam
755 1342 867 1402 confert
899 1345 990 1404 etiam
1016 1346 1061 1422 B.,
1092 1345 1206 1405 discere
1236 1360 1287 1421 po-

204 1450 335 1505 tuerant:
367 1447 448 1520 „Hoo
473 1465 492 1505 a
519 1447 586 1523 pari
613 1446 734 1506 ductum
765 1447 860 1507 videri
888 1453 995 1525 potest.
1043 1451 1104 1509 Par
1134 1450 1211 1511 ratio
1242 1453 1290 1509 est

204 1555 361 1628 parentum
382 1555 412 1610 et
424 1551 548 1628 patriae.
590 1551 632 1611 At
652 1552 679 1611 si
699 1557 730 1613 te
750 1557 889 1629 parentes
910 1558 1084 1633 metuerent,
1105 1560 1195 1632 atque
1211 1555 1288 1614 odis·

204 1659 281 1733 sent,
302 1655 464 1715 secederes.
505 1655 589 1715 Idem
610 1656 702 1730 igitur
722 1655 820 1716 faeere
837 1656 937 1737 debes,
959 1675 1025 1716 oum
1035 1662 1065 1718 te
1076 1661 1190 1717 metuat
1200 1662 1289 1734 atque

205 1759 301 1819 oderit
331 1758 458 1836 patria.''
497 1759 545 1817 Ex
569 1758 683 1818 dnobus
701 1759 779 1818 enim
796 1760 967 1836 praemissis
989 1760 1106 1820 elicitur
1127 1759 1289 1837 oonelusi03

206 1864 374 1925 enunciatio
405 1862 498 1923 amtor
526 1868 584 1923 est:
619 1863 670 1938 „si
700 1869 731 1924 te
752 1855 892 1940 parentes
913 1864 1051 1924 timerent
1072 1899 1112 1908 -—
1132 1864 1170 1922 ab
1189 1881 1290 1923 eorum

206 1967 298 2028 oeulis
330 1968 429 2044 aliquo
461 1965 670 2043 concederes;''
699 1966 809 2024 misor:
841 1984 936 2039 „nuno
968 1971 998 2027 te
1016 1967 1114 2043 patria
1129 1964 1290 2026 eommunis

206 2087 315 2148 parens
339 2070 402 2129 odit
430 2087 465 2129 ao
496 2069 630 2129 metuit.''
672 2070 736 2126 Iam
769 2074 908 2146 expectes
936 2070 1166 2129 conclusionem:
1189 2086 1291 2145 capae

205 2174 307 2251 patria
327 2173 529 2233 atseeamaom
545 2179 594 2251 cst,
616 2173 694 2249 quod
712 2173 788 2233 bene
809 2173 886 2232 vidit
906 2174 953 2251 R„
975 2173 1121 2234 nonvidit
1142 2171 1290 2250 sequenti-

207 2279 263 2339 bus
280 2278 379 2337 verbis
397 2295 462 2337 eam
480 2277 632 2355 contineri,
654 2281 742 2353 atque
764 2277 881 2352 longius
899 2276 1028 2355 aberrat3
1052 2278 1204 2350 eleganter
1213 2277 1292 2335 enim

209 2386 307 2442 orator
337 2381 446 2441 desinit
478 2381 509 2439 in
540 2380 752 2458 quaestionem,
784 2380 862 2439 unde
883 2380 942 2457 ipsi
962 2378 1110 2439 Catilinae
1131 2379 1291 2440 conclusio·

208 2502 276 2544 nem
308 2483 452 2544 deducere
472 2482 622 2559 relinquit.
662 2483 743 2542 Male
771 2483 863 2557 igitur
885 2483 922 2540 R.
947 2488 1086 2558 peractam
1112 2483 1198 2559 ponit
1225 2487 1293 2559 post

209 2589 353 2665 capacem
384 2606 438 2665 per
466 2586 547 2647 cotoa
578 2588 656 2647 enim
675 2588 811 2661 singulae
831 2591 933 2664 partes
950 2587 1153 2663 syllogisticae
1169 2585 1293 2647 rationis

209 2691 437 2766 distinguendae
458 2697 536 2752 sunt.

250 2915 340 2975 aeqae
371 2915 418 2955 eos
438 2895 502 2956 atta
522 2896 634 2956 ratioae
659 2896 780 2974 ptaeam
795 2916 901 2974 posses.
945 2900 1045 2972 „Haeo
1066 2899 1196 2959 absurda
1215 2903 1293 2977 sunt,

210 3003 269 3062 nisi
295 3007 383 3080 putes
410 3001 571 3061 Catilinam
604 3001 683 3059 omni
709 3000 796 3060 modo
813 3004 951 3060 conatum
972 3017 1038 3059 esse
1059 3018 1125 3059 oum
1145 3001 1243 3077 patria
1262 3000 1294 3058 in

209 3108 337 3183 gratiam
353 3107 469 3184 rediro3
492 3106 680 3180 quodquam
700 3123 760 3164 non
780 3105 824 3165 ita
844 3104 955 3165 factum
976 3103 1021 3182 sit,
1042 3104 1205 3163 omittenda
1220 3102 1293 3177 fm‘e·

172 3209 178 3228 “
211 3213 300 3272 seat.’'
332 3213 369 3271 R.
397 3245 437 3255 -
464 3212 543 3285 Ergo
572 3209 758 3288 implacabile
786 3210 883 3269 odiam
910 3227 969 3269 non
997 3209 1112 3286 dicitur,
1133 3209 1192 3268 nisi
1212 3208 1295 3286 prius

210 3317 290 3376 omni
307 3315 393 3374 modo
410 3315 477 3391 quis
498 3318 621 3373 conatus
644 3313 684 3374 sit
704 3331 770 3373 oum
788 3313 908 3372 inimico
926 3313 957 3370 in
975 3311 1101 3386 gratiam
1112 3310 1232 3375 redire?
1253 3309 1295 3369 At

210 3421 237 3481 si
269 3419 400 3479 indicare
421 3419 512 3477 vellet
530 3421 635 3495 orator,
658 3417 818 3478 Catilinam
840 3417 919 3475 omni
946 3416 1033 3475 modo
1064 3419 1201 3475 conatum
1229 3432 1295 3475 esso

210 3541 278 3586 oum
298 3522 471 3601 parentibus
491 3523 523 3580 in
545 3522 673 3597 gratiam
694 3521 799 3599 redire,
821 3521 979 3580 dicendum
1009 3524 1074 3580 erat
1101 3519 1223 3595 placare
1244 3536 1294 3595 po·

211 3627 322 3687 totores.
365 3625 425 3684 Sed
441 3624 498 3683 hoc
518 3623 603 3683 dicit:
626 3623 652 3681 si
666 3628 822 3699 parcatam
840 3622 968 3681 timorem
986 3627 1012 3680 et
1029 3620 1221 3680 odiamaatta
1234 3619 1297 3680 atta

211 3728 324 3788 rotime
342 3726 463 3803 placare
480 3730 585 3802 posset,
606 3725 706 3800 aliquo
727 3742 794 3783 eum
816 3741 1020 3784 concessurum
1042 3742 1116 3784 esso.
1148 3727 1213 3785 Iam
1226 3741 1297 3784 vcro

211 3832 334 3892 Patriae
355 3829 454 3889 odium
467 3833 637 3904 metumque
653 3829 740 3888 nulla
755 3829 816 3888 alia
836 3829 951 3888 ratione
968 3830 1186 3910 placariposse‚
1200 3818 1297 3906 ⁴quam

214 3939 240 3999 si
261 3936 435 4014 discederet,
457 3936 521 3994 eius
542 3934 672 4010 alloquio
688 3934 769 3995 haud
790 3935 912 3995 obscuro
932 3933 1088 3996 indicatur.

256 4143 343 4207 tatae
364 4151 395 4204 ta
419 4161 509 4222 acqao
529 4142 727 4204 aaotom'tatam
747 4176 787 4187 -
808 4161 898 4222 acque
915 4144 972 4204 aim
989 4144 1194 4221 pertimesces?
1214 4142 1298 4203 Haec

214 4268 314 4328 quum,
334 4255 368 4309 ut
389 4248 527 4328 vidimus,
548 4248 710 4309 Rinkesius
720 4266 750 4307 se
760 4266 818 4308 aaa
828 4266 930 4326 capere
939 4249 1076 4328 fateatur,
1087 4250 1151 4309 eius
1162 4248 1297 4322 ignoran-

214 4356 275 4415 tiae
296 4354 506 4416 occurrendum
538 4372 603 4415 esse
620 4354 746 4428 videtur.
789 4354 888 4414 Verba
905 4358 1004 4415 autem
1025 4354 1164 4414 iactatam
1184 4369 1298 4429 emmam
