3086 5192
732 469 778 549 sa

217 630 270 705 tet,
302 644 392 704 quum
420 627 460 687 sit
490 628 581 688 ablat.
614 644 727 687 mosoc.
768 628 838 687 Non
861 629 1017 705 pollicetur
1037 631 1126 711 enim,
1147 630 1226 709 quod
1242 633 1303 693 iam

215 731 299 808 prius
325 732 464 810 diximus,
495 732 636 793 continuo
656 738 725 810 post
743 732 892 794 Catilinae
905 735 1113 811 profectionem
1134 738 1234 797 omnia
1249 756 1303 815 pa-

228 834 419 914 efaotumiri3
441 836 495 895 sed
512 854 611 896 eoram
632 842 739 897 senatu
755 837 882 915 spondet
907 855 961 916 pro
972 856 1005 897 se
1022 840 1187 917 ceterisque
1206 841 1302 919 bouis,

214 945 330 1000 tantam
347 942 379 1000 in
400 942 535 1003 omnibus
557 943 618 1003 fore
639 943 871 1022 consensionem,
891 948 925 1003 ut
944 943 1077 1004 Catilina
1092 945 1223 1022 profecto
1240 963 1301 1005 om-

213 1044 265 1102 nia
279 1044 430 1120 patefacta
447 1049 503 1106 cet.
524 1045 655 1106 videant.
696 1046 798 1107 Donec
818 1046 868 1107 hie
892 1045 987 1125 adest,
1008 1046 1084 1106 nihil
1104 1048 1195 1108 audet
1215 1047 1301 1124 polli-

213 1146 282 1225 ceri,
293 1148 377 1207 onius
394 1149 508 1208 inurbe
528 1150 727 1227 praesentiam
738 1154 919 1228 quantopere
932 1168 1005 1227 prae
1026 1151 1162 1210 omnibus
1174 1152 1301 1229 timeret,

141 1333 142 1336 Ἴ
213 1250 332 1327 copiose
349 1252 472 1328 exponit
479 1249 561 1311 Orat.
581 1251 647 1311 Cat.
658 1253 715 1331 111,
733 1270 758 1311 c.
782 1256 809 1312 7.
850 1252 1044 1328 Allobrogum
1063 1254 1179 1327 legatos
1199 1254 1239 1313 ad
1249 1252 1298 1313 de-

212 1354 452 1431 prehendendam
473 1357 704 1416 coniurationem
721 1358 846 1418 multum
863 1358 1032 1436 contulisse,
1052 1375 1149 1434 neque
1166 1357 1198 1417 id
1214 1376 1299 1434 prae·

212 1457 314 1517 videre
349 1460 482 1536 potuisse
509 1459 682 1520 Ciceronem
699 1477 790 1536 quum
813 1460 888 1520 haec
905 1461 1024 1534 (liceret,
1045 1461 1215 1535 negandum
1235 1461 1298 1538 qui·

149 1592 151 1595 ·
212 1559 351 1621 (lemnon
369 1567 429 1640 est;
451 1562 504 1622 sed
520 1567 728 1641 praeterquam
745 1564 824 1639 quod
844 1563 981 1623 Consulis
998 1564 1156 1638 diligentia
1177 1570 1208 1624 et
1224 1565 1299 1639 vigi-

212 1664 307 1725 lantia
321 1666 353 1724 in
373 1665 430 1725 hac
450 1686 483 1727 re
503 1666 584 1726 haud
603 1686 708 1744 parum
723 1667 848 1746 adiuvit,
868 1668 1005 1728 absentia
1013 1670 1142 1729 maxime
1152 1669 1301 1729 Catilinae

210 1769 323 1829 factum
349 1788 425 1849 esse,
456 1777 490 1831 ut
516 1776 603 1832 tanta
634 1772 797 1833 coniuratio
812 1778 873 1834 tam
894 1772 982 1833 facile
1002 1779 1123 1851 tamque
1143 1775 1300 1835 manifesto

211 1874 335 1934 inventa
356 1880 446 1951 atque
463 1875 649 1954 deprehensa
664 1877 712 1954 sit,
732 1877 753 1935 l.
774 1878 794 1935 l.
817 1877 837 1954 ἓ
861 1881 899 1938 17
909 1878 1019 1937 diserte
1030 1879 1186 1939 indicatur.
1208 1880 1297 1939 Frus-

210 1981 258 2036 tra
272 1995 343 2052 ergo
367 1979 421 2036 illa
442 1978 533 2038 etiam
560 1979 592 2037 in
614 1983 758 2038 oratorem
779 1979 875 2039 iacere
896 1981 933 2038 R.
961 1981 1094 2040 videtur:
1138 1979 1230 2056 „Quis
1246 1998 1297 2041 ve-

210 2098 244 2139 ro
266 2082 343 2141 serio
364 2082 461 2142 adhuc
481 2084 640 2144 contendet
659 2082 829 2145 Ciceronem
846 2102 905 2144 non
926 2084 1072 2144 erubuisse
1082 2090 1113 2146 et
1126 2102 1229 2144 ooaom
1239 2104 1298 2145 case

209 2184 285 2245 haec
305 2185 433 2245 scribere
454 2186 518 2246 sive
532 2188 633 2264 paullo
651 2188 715 2247 sive
737 2187 920 2265 aliquamdiu
936 2194 1004 2265 post
1025 2189 1298 2250 coniurationem?”

211 2288 280 2365 Ipse
300 2290 400 2366 potius
421 2290 578 2349 erubescat
597 2291 653 2349 tali
675 2308 809 2351 sermone
831 2292 868 2350 de
895 2291 1037 2352 Cicerone
1066 2292 1206 2353 iudicare,

252 2500 344 2577 §33
365 2498 453 2559 Hisce
485 2500 635 2559 ominibus
680 2499 912 2575 „Quibusnami
943 2502 990 2559 Ea
1020 2518 1096 2577 quae
1116 2459 1301 2579 praecedunt

211 2602 310 2661 omina
320 2602 380 2662 dici
400 2621 459 2661 non
480 2603 683 2679 possunt.'’li.
704 2636 745 2645 -
765 2604 859 2663 Recte
879 2603 954 2663 haec
968 2604 1097 2678 castigat
1120 2605 1155 2664 Β.
1172 2604 1296 2681 Compa-

211 2710 313 2766 rentur
333 2724 370 2765 ea
387 2724 463 2783 quae
481 2707 649 2766 notavimus
666 2706 705 2766 ad
719 2706 868 2784 polliceor.

252 2932 317 2973 com
333 2914 377 2973 roi
394 2914 529 2992 publicae
551 2914 644 2974 solute
664 2948 705 2957 —
722 2915 914 2993 proficiscere.
957 2914 1047 2989 „tham
1073 2918 1149 2976 solet
1166 2916 1297 2976 indicare

211 3020 382 3079 comitatum
413 3020 463 3078 vel
486 3019 604 3079 modum
624 3037 683 3095 quo
700 3018 814 3095 aliquid
831 3018 892 3078 fiat.
933 3019 1030 3093 Igitur
1042 3018 1101 3078 dici
1121 3024 1232 3096 potest:
1253 3018 1296 3078 fa·

210 3142 277 3184 cere
294 3124 408 3201 aliquid
433 3142 499 3184 cum
520 3124 702 3184 incommodo
731 3141 793 3202 suo,
825 3124 868 3183 ita
896 3126 930 3182 ut
951 3140 1018 3181 cum
1038 3122 1116 3182 sacto
1138 3124 1294 3182 incommo-

209 3225 281 3285 dum
298 3232 431 3286 nostrum
453 3227 656 3304 coniungatur,
678 3226 731 3285 sed
751 3225 897 3302 proficisci
920 3243 986 3285 cum
996 3226 1187 3304 reipublicae
1198 3227 1295 3287 salute

209 3346 276 3388 cum
298 3347 353 3387 sua
372 3334 476 3406 peste,
498 3347 622 3406 cumque
639 3331 857 3389 coniuratorum
871 3331 963 3391 exitio
983 3349 1020 3389 oo
1040 3330 1073 3389 ιἰι
1096 3330 1224 3390 Catilina
1234 3331 1295 3409 qrat-

210 3433 275 3491 clem
302 3433 369 3512 ficri
399 3432 545 3509 poterat.''
576 3434 613 3491 R.
634 3434 850 3491 —Postrema
881 3453 933 3492 cur
957 3435 1049 3495 addat
1066 3454 1125 3495 non
1143 3437 1295 3515 intellig03

208 3538 323 3597 namsi
350 3537 415 3597 itud
443 3537 560 3597 omnino
592 3535 655 3595 fieri
672 3540 819 3613 nequeat,
860 3536 912 3594 uid
930 3554 1003 3613 opus
1025 3543 1071 3597 est
1088 3539 1185 3600 dicere
1206 3558 1243 3597 oe
1263 3540 1297 3599 ire

197 3642 340 3728 ¹Cutiliae
361 3642 495 3721 qoidcoa:
517 3643 631 3702 sivero
652 3642 751 3720 alicui,
771 3640 920 3701 Catilinae
937 3640 1068 3719 profecto
1085 3642 1138 3700 illa
1162 3643 1296 3705 accidere

208 3751 356 3824 poterant.
397 3745 457 3806 Sed
489 3746 578 3805 nimis
602 3751 760 3820 angustam
791 3747 841 3805 ille
869 3744 971 3822 posuit
987 3744 1207 3825 definitionem3
1228 3765 1297 3806 nam

208 3854 326 3928 praeter
347 3849 518 3927 concitatam,
543 3867 620 3925 quae
640 3850 759 3925 propria
782 3849 947 3926 particulae
968 3847 1146 3923 significatio
1163 3853 1217 3927 est,
1238 3867 1296 3926 quo

211 3959 329 4015 ceterae
347 3971 449 4012 omnes
467 3958 536 4012 sunt
556 3952 737 4029 referendae,
758 3971 818 4011 non
831 3951 946 4011 modom
965 3956 1081 4011 tantum
1100 3971 1135 4012 ac
1155 3952 1297 4012 rationem

209 4064 303 4138 notat,
324 4059 481 4119 sedetiam
500 4063 617 4136 tcrupoq
639 4057 836 4135 coodilloocot,
858 4062 947 4134 atque
968 4057 1000 4116 id
1020 4058 1099 4134 quod
1121 4059 1296 4119 exactione

210 4164 339 4242 quadam
372 4163 507 4241 aequiter,
537 4181 660 4239 cumque
691 4181 728 4222 ea
756 4162 937 4222 coniunctum
963 4167 1008 4222 est
1030 4162 1121 4241 (quod
1141 4181 1295 4242 perperam

209 4287 276 4329 curn
300 4268 384 4327 morlo
402 4267 581 4328 confundere
596 4268 713 4328 videtur
726 4265 777 4344 R.)
799 4286 827 4325 v.
850 4267 939 4327 choc
950 4267 1126 4326 curudomoo
1137 4268 1294 4345 luctacios,

206 4374 226 4436 i.
246 4392 272 4434 e.
292 4374 335 4434 ita
355 4378 389 4432 ut
410 4373 550 4431 damnum
572 4372 641 4433 inde
663 4373 718 4433 tibi
737 4371 866 4431 oriatur:
888 4371 1005 4449 prodire
1024 4390 1087 4430 com
1107 4389 1216 4447 magna
1233 4390 1293 4431 om-
