3086 5192
764 453 782 512 5

235 612 324 681 quam
345 612 379 668 ut
394 607 517 669 ridendo
530 609 756 687 cavillandoque
774 612 898 673 oratoris
919 611 1011 672 verba
1027 612 1190 690 legentium
1200 611 1314 671 animos

233 716 429 789 praeoccupet
449 718 480 773 et
501 715 587 788 quasi
596 719 754 792 praeparet
764 715 803 774 ad
821 733 857 774 ea
874 714 981 775 deiude
996 717 1135 791 aequiore
1149 715 1248 774 animo
1266 731 1313 772 ac-

233 816 379 896 cipienda,
406 836 483 893 quae
508 819 539 877 in
558 819 690 894 singulis
714 819 849 897 partibus
866 820 976 879 vitiosa
996 837 1062 880 esse
1079 818 1258 897 persuadere
1276 817 1314 875 iis

233 919 343 996 cupiat.
383 920 521 979 Ridendo
548 924 648 981 autem
675 938 747 980 vera
774 920 872 981 dicere
894 938 949 982 nec
967 923 1040 981 mihi
1061 922 1198 1000 displicet
1219 924 1249 981 et
1269 921 1313 978 in-

232 1025 372 1097 geniosus
385 1027 475 1100 po'e‘ta
488 1025 643 1099 quominus
653 1025 735 1086 istud
751 1024 805 1086 fiat
814 1026 889 1086 nihil
899 1027 1116 1104 vetaredoouit,
1136 1026 1223 1086 modo
1243 1042 1316 1084 vera

232 1140 291 1183 uon
316 1123 386 1184 ficta
409 1125 544 1207 loquare3
572 1129 616 1187 sic
637 1128 716 1186 enim
733 1128 882 1202 malignus
898 1127 932 1189 lit
949 1130 1006 1189 iste
1024 1130 1110 1208 risus,
1131 1130 1158 1189 si
1179 1146 1239 1188 non
1255 1144 1315 1203 quo

231 1230 337 1289 melius
356 1229 472 1308 doceas,
492 1248 595 1290 venum
613 1249 671 1306 quo
689 1234 796 1292 nocea's
813 1234 909 1307 magis
931 1250 965 1292 eo
983 1233 1125 1293 abutaris.
1166 1231 1311 1308 (inirem,

231 1335 283 1411 qui
300 1351 358 1393 non
381 1335 471 1412 plane
492 1335 524 1394 in
543 1334 600 1394 hac
619 1336 751 1395 oratione
771 1337 945 1413 peregrinus
966 1340 1021 1414 est,
1041 1353 1101 1395 non
1118 1334 1244 1395 ridicula
1260 1352 1311 1411 po-

230 1436 291 1496 tius
312 1453 400 1512 quam
418 1455 490 1498 vera
506 1436 653 1515 videntur,
674 1454 750 1513 quae
761 1438 863 1499 statim
883 1438 916 1497 in
926 1438 1011 1497 initio
1022 1437 1108 1497 dicit:
1132 1437 1223 1511 „Post
1239 1452 1311 1496 nou-

231 1542 329 1602 uullas
347 1542 576 1601 exclamationes
596 1541 634 1600 de
651 1541 748 1600 surore
765 1541 913 1603 Catilinae
931 1546 1052 1602 senatus
1070 1545 1101 1602 et
1117 1541 1253 1601 consules
1263 1559 1311 1599 ao-

231 1650 379 1724 ousantur²
407 1645 486 1722 quod
502 1645 578 1705 nihil
595 1650 697 1706 contra
713 1644 873 1706 Catilinam
894 1643 992 1720 faeere
1013 1646 1154 1723 urrdcout3
1176 1662 1245 1702 mox
1266 1662 1310 1703 se-

230 1750 331 1827 quitur
354 1751 471 1811 senatui
492 1751 523 1809 in
547 1768 583 1809 ea
607 1768 640 1809 re
667 1749 743 1808 nihil
761 1767 827 1810 esse
845 1749 1082 1829 imputandum;'’
1104 1754 1135 1808 et
1151 1749 1194 1808 sic
1207 1765 1309 1825 porro:

228 1857 305 1935 quis,
332 1856 407 1934 dico,
435 1856 466 1914 in
496 1855 544 1914 his
573 1855 716 1916 'orationis
737 1855 818 1914 illius
839 1854 990 1914 exordium
1010 1857 1109 1932 potest
1125 1852 1309 1927 agnoscere?

228 1960 441 2038 Quamparnm
457 1961 610 2038 perspexit
626 1959 750 2019 oratoris
771 1959 948 2019 sententiam
969 1957 990 2034 ξ
1012 1959 1041 2018 6.
1060 1956 1125 2036 (aut
1142 1957 1311 2034 perspicere

228 2064 336 2144 voluit)
362 2083 452 2140 quum
479 2064 523 2123 ita
548 2063 715 2122 cavilletur:
746 2063 913 2139 „praeclare
942 2063 979 2121 de
995 2061 1125 2121 Catilina
1143 2065 1238 2119 uotum
1260 2065 1309 2138 eat,

228 2171 280 2248 qui
307 2187 367 2229 non
390 2167 589 2244 interficietur,
617 2167 758 2243 quamdiu
781 2167 937 2243 quisquam
965 2166 1030 2243 erit,
1051 2166 1187 2240 quicum
1208 2163 1307 2224 defen·

227 2272 297 2332 dere
325 2270 463 2331 audeat.”
505 2268 602 2343 Quam
630 2269 705 2329 falso
733 2287 809 2344 quae
840 2269 871 2327 in
900 2268 1003 2329 eadem
1028 2267 1231 2345 §sequuntur
1260 2265 1309 2325 his

228 2376 328 2438 verbis
344 2375 482 2454 exponit:
504 2373 637 2449 „luteres
663 2391 740 2434 vero.
755 2372 886 2436 Catilina
906 2375 950 2434 ita
966 2374 1058 2451 viret,
1078 2376 1113 2431 ut
1128 2372 1217 2450 vivit,
1233 2371 1309 2430 mul-

226 2479 266 2541 tis
286 2477 441 2538 Ciceronis*
454 2481 485 2538 et
501 2475 592 2536 firmis
609 2476 767 2554 praesidiis
787 2477 934 2555 obsessus,
954 2494 992 2537 nc
1003 2492 1185 2536 commouere
1196 2491 1309 2535 secon-

225 2586 273 2642 tra
295 2581 438 2659 rempubl.
467 2579 579 2657 possit:
609 2579 683 2656 qood
715 2597 768 2656 quo
798 2578 902 2637 melius
928 2578 995 2656 ficri
1023 2577 1123 2656 possit,
1152 2596 1171 2635 a
1187 2576 1307 2636 consule

224 2688 326 2764 paullo
352 2690 421 2762 post
448 2684 566 2744 iubetur
589 2688 624 2743 ut
648 2701 686 2742 ex
712 2669 786 2743 urbe
810 2683 931 2743 exeat!''
959 2683 1005 2742 De
1033 2682 1141 2757 quibus
1172 2680 1308 2740 omnibus

224 2805 279 2847 suo
302 2789 367 2845 loco
393 2786 518 2845 ulterius
542 2786 665 2845 dicetur.
706 2786 796 2844 Talia
828 2790 927 2846 autem
955 2786 995 2844 ad
1014 2786 1106 2844 risum
1126 2784 1307 2862 captandum

224 2891 324 2970 potius
353 2889 433 2949 dicta
457 2888 549 2965 vides,
578 2904 667 2961 quam
690 2892 724 2946 ut
740 2904 811 2946 vere
833 2892 863 2948 et
880 2893 1017 2948 accurate
1033 2906 1095 2948 rem
1116 2892 1254 2966 exponat,
1275 2891 1305 2947 et

224 2997 268 3058 sic
285 2996 347 3056 fere
367 3013 421 3073 per
437 2997 531 3054 totam
552 2991 714 3051 orationem
731 2991 837 3071 pergit,
858 2996 892 3051 ut
912 2992 1078 3051 mirandum
1094 2991 1150 3051 tibi
1169 2993 1221 3050 vix
1238 3007 1305 3067 pos·

223 3098 264 3160 sit
287 3097 391 3176 videri,
419 3097 446 3155 si
470 3095 616 3156 interdum
644 3093 713 3153 bilis
734 3092 807 3153 mihi
829 3099 1055 3155 commoveatur.
1096 3095 1160 3153 Iam
1175 3111 1245 3153 uero
1267 3094 1306 3153 ad·

220 3204 338 3280 singula
355 3201 518 3263 veniamus.

262 3413 282 3492 ξ
307 3416 334 3473 1.
359 3411 507 3490 Quouaqm
531 3411 647 3470 leudem
673 3444 713 3457 --
737 3411 881 3488 potiorum
901 3416 1022 3472 nostru?
1043 3414 1111 3472 Non
1128 3418 1219 3488 negat
1236 3416 1302 3489 qui-

219 3519 288 3580 dem
309 3517 470 3578 Rinkeslus
487 3516 543 3576 hoc
564 3516 681 3577 initium
698 3532 717 3572 a
734 3513 937 3587 Quinctiliano
953 3517 1078 3595 laudari,
1100 3518 1153 3577 sed
1173 3524 1207 3578 ut
1216 3522 1301 3580 testi-

219 3622 350 3682 monium
366 3620 501 3697 infirmet,
523 3619 606 3678 addit
630 3616 756 3677 eundem
769 3617 829 3676 alio
845 3619 910 3677 loco
929 3617 987 3676 tole
1007 3618 1124 3677 tuitione
1144 3619 1299 3678 iaoaa'oer-
1407 3622 1409 3625 ’

220 3743 284 3785 aura
304 3740 438 3800 corpere:
461 3721 620 3796 „quosdam
637 3722 669 3779 in
686 3726 781 3782 totum
798 3741 817 3781 a
834 3721 982 3799 prooemio
997 3738 1180 3782 summovere
1191 3740 1298 3783 sermo·

219 3843 454 3902 nemapersoua
464 3824 572 3884 iudicis
580 3842 726 3903 aversum,
747 3843 823 3901 quae
835 3827 1129 3905 onoocpopridicitm,
1148 3828 1300 3905 quodlicet

219 3928 377 4009 aliquando
397 3927 464 4005 fieri
485 3927 553 3985 berae
569 3928 668 4007 possit,
687 3927 798 4005 possim
818 3928 986 4004 faciendum
995 3947 1053 3988 noa
1063 3929 1133 3989 eat.’'
1153 3931 1214 3990 Vix
1225 3950 1300 4009 opus

218 4037 265 4096 est
293 4048 420 4109 monere,
450 4034 598 4108 postrema
625 4030 717 4091 verba
743 4051 803 4092 non
824 4049 890 4093 esse
909 4030 1116 4105 Quinctiliani:
1138 4038 1236 4095 cetera
1253 4039 1298 4095 ta-

218 4153 287 4196 men
314 4135 358 4194 ita
379 4133 460 4192 illius
478 4137 555 4211 suut,
576 4137 610 4193 ut
627 4133 666 4192 ad
685 4132 765 4194 huuc
782 4136 878 4194 locum
895 4135 970 4195 nihil
988 4137 1106 4195 omnino
1120 4137 1297 4214 pertineant.

218 4239 324 4317 Neque
348 4237 427 4298 enim
455 4236 494 4297 ad
522 4237 634 4297 iudices
662 4239 755 4298 oratio
780 4243 834 4316 est,
863 4239 916 4299 secl
933 4240 1061 4301 invectio
1078 4241 1110 4300 in
1129 4239 1298 4320 Catilinam,

221 4339 283 4403 sive
306 4341 370 4402 eius
394 4339 592 4420 praesentiam
625 4340 748 4400 timebat
777 4343 886 4421 consul,
908 4343 971 4403 sive
992 4343 1036 4404 ira
1054 4347 1214 4404 commotus
1237 4350 1301 4404 erat
