3086 5192
785 497 826 552 84

262 656 392 733 gloria;’¹
412 655 570 731 inquens
589 653 846 730 uotumeqnioem
865 652 1048 711 eumuiviri
1067 649 1349 710 mamone

264 754 1355 838 nonenimquaernuquinporiunmniameeenqfflfitffl

263 865 370 923 virtute
393 868 506 940 purte?
527 862 683 937 Quomodo
709 868 819 937 autem,
845 879 937 937 quum
958 860 1055 935 gluia
1078 859 1223 917 iuvidiam
1242 861 1354 937 puniat,

260 963 1351 1046 pmhudiagloriamemeuitnmmginfflqumuqus

261 1072 356 1132 dieat:
376 1078 583 1148 materonum
599 1072 708 1149 pariat,
728 1069 808 1146 quod
827 1073 970 1128 meatur
984 1072 1111 1127 matrem
1125 1084 1203 1126 eme.

301 1278 324 1354 ς
347 1279 396 1335 30.
425 1293 599 1354 quemquam
626 1275 764 1333 nonnulli
781 1281 857 1352 unt,
877 1275 929 1352 oei
948 1282 1000 1333 aet
1019 1308 1060 1317 —
1081 1293 1138 1333 non
1155 1276 1280 1354 nidmu,
1299 1282 1352 1334 aut

262 1379 445 1438 dissimulent
468 1386 526 1440 eet.
558 1379 685 1453 „Orator
710 1379 784 1456 quid
796 1379 906 1439 dixerit
922 1380 989 1457 ipse
1009 1398 1069 1438 nou
1089 1381 1206 1457 eepinae
1222 1380 1350 1440 videtur.

262 1482 375 1545 obiicit
401 1489 503 1544 autem
530 1485 726 1562 oenatonlnuu
745 1502 817 1562 onos
832 1483 1003 1562 alloquitur,
1023 1486 1057 1542 in
1072 1503 1109 1544 eo
1129 1486 1233 1544 orvline
1249 1485 1352 1562 seim,

262 1589 315 1665 qui
336 1587 410 1646 eutis
436 1587 547 1664 stupidi
564 1594 592 1644 et
613 1587 725 1645 nehem
743 1592 853 1663 meent,
873 1586 951 1664 quon
970 1605 1031 1646 non
1053 1587 1264 1646 intellerissent
1282 1605 1351 1647 eon·

261 1694 439 1753 iurationem
455 1692 531 1770 fim',
549 1693 600 1751 vel
621 1692 694 1750 sutis
712 1691 845 1768 improbi,
865 1692 942 1767 qvod
962 1696 1018 1751 eet
1037 1697 1068 1751 et
1085 1691 1352 1769 eieporro.”ll.—

263 1794 366 1871 Viden,
396 1812 486 1870 quam
514 1793 645 1870 onumen,
665 1811 755 1869 quam
774 1792 860 1870 falso,
880 1812 969 1869 quam
986 1795 1066 1853 male
1085 1795 1268 1855 latinelrnee
1288 1813 1349 1854 om·

263 1897 316 1956 nia
342 1896 488 1973 dieantur,
509 1901 540 1955 et
560 1914 580 1954 a
599 1896 655 1955 tali
675 1913 798 1955 eennore
816 1900 919 1955 tamen
936 1898 1108 1975 orationem,
1129 1898 1214 1957 cuiun
1233 1899 1287 1956 vix
1303 1898 1349 1956 ul

264 2003 325 2060 lam
355 2001 533 2078 particulam
553 2000 704 2078 intelligit,
724 2000 903 2059 abiudimri!
922 2000 980 2059 Gui
996 2006 1098 2061 autem
1114 2002 1234 2076 eoguita
1252 2007 1299 2061 ent
1319 2007 1352 2062 et

262 2105 347 2184 haee,
367 2110 399 2164 et
418 2122 474 2182 pro
488 2105 613 2163 Murena
633 2104 737 2182 oratio,
757 2103 837 2163 unde
865 2109 955 2163 lolem
976 2103 1054 2163 lone
1072 2105 1166 2165 locun
1185 2123 1353 2183 currem

262 2225 323 2265 esse
353 2207 435 2285 elicit,
456 2208 558 2266 statim
576 2207 744 2281 argumenti
763 2205 937 2265 futilitatem
952 2208 1105 2285 perspicit,
1125 2214 1157 2268 et
1172 2209 1350 2269 Rinkenimn

261 2317 397 2388 tempora
415 2327 452 2368 ae
467 2326 516 2368 ree
536 2308 723 2368 confundere
762 2308 902 2369 Ceterum
918 2309 956 2368 ef.
972 2310 1105 2387 Boetius,
1124 2312 1353 2388 quireetehaee

263 2414 394 2491 exponit.
436 2413 537 2471 Minue
556 2418 637 2472 reete
664 2413 745 2472 idem
757 2412 816 2472 hoe
832 2414 932 2473 (linere
950 2414 1082 2474 videtur:
1104 2417 1235 2492 „Pungit
1253 2437 1302 2477 me
1321 2417 1353 2477 ln.

262 2521 283 2578 l
310 2534 494 2596 quemquem,
514 2536 593 2594 quae
610 2519 758 2594 particula
774 2518 836 2576 vim
855 2518 947 2578 habet
968 2521 1144 2595 corrigendi,
1164 2555 1205 2563 -
1224 2521 1259 2580 Si
1278 2523 1353 2599 quid

263 2622 360 2699 video,
391 2639 466 2700 opus
496 2626 543 2681 en
566 2622 715 2698 particula
741 2621 933 2682 adversativa
960 2624 1040 2683 sed.'’
1080 2624 1143 2684 Gur
1167 2626 1264 2700 magia
1281 2626 1312 2684 lu
1329 2628 1352 2686 l.

263 2726 380 2804 prmgit,
411 2742 500 2800 quam
518 2724 540 2801 ξ
564 2727 603 2783 22
617 2729 648 2783 et
668 2727 718 2802 24,
738 2724 790 2782 ubi
811 2725 914 2785 eodem
931 2726 1018 2786 modo
1037 2727 1114 2788 haee
1129 2729 1277 2805 particula
1297 2730 1350 2788 ad-

263 2831 392 2907 hibetur,
412 2846 490 2905 quae
506 2830 680 2907 plerumque
701 2847 761 2888 non
773 2835 836 2889 tam
854 2832 1029 2909 corrigendi,
1049 2851 1139 2909 quam
1156 2834 1352 2911 restrinoendi

263 2936 326 2993 vim
355 2933 456 3011 habet,
483 2950 539 2992 nee
556 2934 681 2993 multvun
699 2950 789 3012 saepe
809 2934 929 2994 diversa
950 2941 997 2995 eet
1017 2936 1057 2994 ab
1073 2936 1264 2997 adversativa
1284 2955 1354 2998 eon-

212 3086 217 3089 ,
263 3039 413 3102 iunctione
434 3040 552 3098 tomen?

303 3251 336 3309 in
352 3248 499 3308 llollinno
523 3253 630 3306 eontra.
673 3249 776 3322 „Haeo
804 3249 897 3308 verba
924 3254 994 3310 sunt
1018 3267 1241 3328 supervacanea
1257 3258 1288 3313 et
1304 3254 1351 3312 in-

265 3351 342 3412 nne
354 3350 545 3426 interposita:
563 3352 595 3407 in
623 3349 707 3408 eodd.
725 3352 875 3410 nonnullis
895 3351 1040 3412 Malliana
1062 3355 1236 3415 omittitur.''
1255 3357 1293 3417 R.
1311 3390 1354 3401 —

262 3455 319 3514 Oui
337 3453 451 3530 gratian
468 3467 561 3527 agene
576 3468 631 3527 pro
651 3451 773 3509 invento
792 3453 826 3509 Β.
847 3452 924 3511 haee
939 3456 1032 3514 verba
1061 3458 1147 3516 uncia
1166 3459 1287 3520 inclusit
1307 3459 1353 3519 di-

264 3575 350 3619 eenn:
374 3556 466 3632 „satie
487 3558 553 3615 erat
566 3552 688 3630 dixisse,
710 3571 764 3631 qno
784 3552 938 3611 intendit.’'
959 3554 1041 3615 Satin
1060 3558 1200 3637 prolecto,
1221 3559 1353 3638 niSpar·

263 3670 353 3724 tanus
376 3659 498 3737 quidam
528 3660 718 3735 loqueretur3
747 3658 801 3717 ned
825 3658 885 3717 iam
911 3659 1043 3735 loquitur
1072 3667 1171 3724 orator
1190 3665 1353 3745 Romanus,

264 3785 352 3844 quem
380 3781 526 3840 nusquam
555 3763 663 3821 eximie
690 3761 831 3821 brevitati
856 3762 975 3823 studere
991 3765 1137 3845 videmus,
1157 3768 1212 3827 sed
1232 3787 1354 3830 numero

263 3872 332 3949 plue
353 3867 533 3943 auribusque
549 3866 689 3925 tribuere.
710 3863 797 3937 Quod
814 3870 914 3927 autem
935 3868 967 3926 in
981 3871 1131 3930 nonnullis
1151 3873 1235 3932 codd.
1267 3875 1354 3936 abest

263 3970 419 4047 Malliana,
445 3985 550 4046 parum
576 3968 691 4045 probat,
722 3967 776 4026 sed
802 3970 895 4028 multo
916 3970 984 4047 plue
1011 3971 1051 4049 id,
1073 3972 1152 4049 quod
1166 3975 1198 4032 in
1211 3973 1259 4034 hie
1280 3976 1356 4053 ipnie

263 4078 374 4153 legitur
393 4080 493 4134 tamen
514 4077 620 4131 nostro.
642 4071 707 4130 Nee
727 4073 852 4132 multum
861 4073 982 4150 prodent
992 4076 1137 4138 Riukesio
1150 4079 1242 4158 loeue,
1264 4099 1353 4156 quern

263 4200 280 4241 e
297 4179 439 4240 Cicerone
460 4176 553 4251 affert,
574 4173 654 4233 unde
675 4175 821 4253 nimirum,
843 4177 929 4251 quani
950 4176 1025 4238 haec
1042 4163 1178 4254 quaestio
1195 4183 1243 4260 sit,
1255 4183 1352 4244 ‹linee-

264 4300 339 4361 mue,
360 4279 430 4359 qnid
451 4278 488 4336 sit
512 4277 668 4355 intendere,
689 4298 718 4356 p.
740 4279 816 4337 Mur.
839 4281 867 4357 9,
889 4283 945 4338 22:
968 4282 1046 4359 „ille
1067 4288 1101 4342 ut
1121 4301 1157 4344 eo
1175 4304 1233 4361 quo
1254 4287 1351 4347 inten-

263 4388 308 4446 nit
327 4389 442 4445 mature
470 4398 536 4441 eum
565 4382 696 4442 exercitu
712 4383 898 4460 perveniat,''
919 4385 938 4442 i.
958 4402 983 4443 e.
1006 4403 1060 4463 qno
1078 4387 1134 4446 iter
1154 4388 1285 4472 intendit,
1307 4391 1354 4454 di
